id,title,selftext,url,created_utc,score,upvote_ratio,num_comments,subreddit,author
qkl0p4,Didn‚Äôt know the Labour Shortage was THIS bad...,,https://i.redd.it/11ds6ghk71x71.jpg,1635793222.0,309,0.99,16,CasualUK,AcidicPaper
q2tzun,My polish gf just called the George Forman grill the Morgan freeman grill and I‚Äôve never wanted anything more in my life,,https://www.reddit.com/r/CasualUK/comments/q2tzun/my_polish_gf_just_called_the_george_forman_grill/,1633555816.0,2270,0.98,124,CasualUK,bigjobby95
q2tqs3,Thanks for reminding me sign,,https://i.redd.it/887lfzhbcwr71.jpg,1633555043.0,875,0.99,10,CasualUK,Riktum
q2rxet,TIL Terry‚Äôs used to make Chocolate Apples and Chocolate Lemons too - bring them back I say!,,https://i.redd.it/ajz6wx7vvvr71.jpg,1633549510.0,3181,0.99,155,CasualUK,jrdavison
q2qojh,Toasts 60 slices an hour?! Perfect for when the family comes around.,,https://i.redd.it/eoc247lqkvr71.png,1633545768.0,354,0.98,68,CasualUK,Organis3dMess
q2pj4s,The Triple Threat.,,https://i.imgur.com/fol2igE.jpg,1633542260.0,514,0.96,73,CasualUK,Grahamr1234
q2p8dp,"Sharks have spare new teeth, Cheshire has spare new signs",,https://i.redd.it/itncb8ej7vr71.jpg,1633541341.0,273,0.99,27,CasualUK,BadMacaroniArt
q2oop2,Top tier customer service,,https://i.redd.it/z5ca70hu2vr71.jpg,1633539751.0,4336,0.99,51,CasualUK,shrek_the_all_star
q2n4qn,"I'd say the most controversial thing about me is how I eat my ""beans on toast""",,https://i.redd.it/su2j5gh2pur71.jpg,1633535118.0,11590,0.93,1103,CasualUK,Snoo92783
q2l9un,"I made an AI Eminem rap the ""what a sad little life Jane"" speech from come dine with me and synced it to the instrumental version of ""Stan"". Moms Spaghetti.",,https://v.redd.it/4wob8e938ur71,1633529491.0,904,0.98,47,CasualUK,Maaatandblah
q2l9tv,Hopefully hasn't been posted before. Thought this would make a few laugh.,,https://i.redd.it/9lgyw60c8ur71.jpg,1633529489.0,762,0.97,28,CasualUK,hirsty19784
q2kis6,My wife's bag has a logo that looks like the crest of Bolton Wanderers FC,,https://i.redd.it/nckos3ov0ur71.jpg,1633527061.0,275,0.96,21,CasualUK,Odd-Exchange
q2k21u,"Got suspsended for 3 days for talking about this UK delicacy in may I add my private conversations, with zero response from the admins. [TRIGGER WARNING, apparently]",,https://i.redd.it/z3mqesxkwtr71.jpg,1633525537.0,3972,0.97,709,CasualUK,NoodlesAteMyBaby
q2i3pu,Someone just mispronounced it 'OnlyFlans' and now I can't stop giggling at the idea,,https://i.redd.it/qazigoelatr71.png,1633518164.0,250,0.91,42,CasualUK,Dizzy_Beacon
q2haix,Important public service announcement if you're in North-West London,,https://i.redd.it/54mc7o9pzsr71.jpg,1633514497.0,257,0.98,10,CasualUK,SenselessDunderpate
q2g033,Does anyone else go for a toast mezze platter? My gf thinks I‚Äôm weird.,,https://i.redd.it/04siq957gsr71.jpg,1633507925.0,1523,0.97,229,CasualUK,BigFella17
q2fr9u,A definitive answer to the S question,,https://i.redd.it/8sqnmz6qcsr71.jpg,1633506753.0,13028,0.92,1170,CasualUK,pingusbeak
q2fps7,No ho in Soho,,https://i.redd.it/1oipxqmzbsr71.jpg,1633506539.0,2280,0.99,107,CasualUK,MoreCurveLondon
q2fopb,This crossing near where I live has buttons for horse riders. I thought it was quite unique and extremely British.,,https://i.redd.it/id9qixbmbsr71.jpg,1633506403.0,1717,0.98,143,CasualUK,swanlevitt
q2f3cd,Browsing Reddit when I looked up and was reminded that I should be‚Ä¶ browsing Reddit!,,https://i.redd.it/qs4kb6gh3sr71.jpg,1633503659.0,1022,0.96,64,CasualUK,IcarusFlewOnce
q2e7l7,Looks like we may have a sprout shortage now,[deleted],https://i.redd.it/8hzg0qjbrrr71.jpg,1633499555.0,517,0.99,80,CasualUK,[deleted]
q2e7j5,The GOAT Chocolate. Criminal from Cadbury to discontinue it.,,https://i.redd.it/hadauqtarrr71.jpg,1633499547.0,243,0.96,81,CasualUK,True_Egg_5685
q28800,"Flight to London, somewhere over the north of England.",,https://i.redd.it/6n3vpebttpr71.jpg,1633476179.0,247,0.98,33,CasualUK,Character_Two9566
q257pb,"Beautiful morning we had today, I mean it turned into a rain storm, but it started off perfect.",,https://i.redd.it/hisgk6iw1pr71.jpg,1633466793.0,102,0.98,0,CasualUK,gemgem1985
q253mm,I saw this beautiful Kingfisher again today.,,https://www.reddit.com/gallery/q253mm,1633466450.0,391,0.99,7,CasualUK,Radwaymm
q23osp,Late night sexual education for many 90s youths. Who else watched it?,,https://i.redd.it/9j7fyy6eoor71.jpg,1633462249.0,4531,0.96,517,CasualUK,SimpleManc88
q22yi8,"Look, I'm not even British...","I'm Indian, but this sub is too random but great and nice. It's too simple and that's a good thing. If that's weird, please tell me so. But this sub is so random, but interesting to go through.",https://www.reddit.com/r/CasualUK/comments/q22yi8/look_im_not_even_british/,1633460072.0,187,0.83,79,CasualUK,unnervinglynervous
q22ort,Utter violations in the BBC Good Food comments,,https://i.redd.it/x8udvgzyeor71.png,1633459109.0,784,0.98,31,CasualUK,UnicornsOnLSD
q21jjd,"A bluetit keeps trying to get inside, so I made a bird house from two cress tubs and some electrical tape. Where do I send off for my Blue Peter badge?",,https://i.redd.it/yg1gagqj4or71.jpg,1633455723.0,84,0.95,21,CasualUK,-SaC
q21ezb,Found this in my spare change.,,https://i.redd.it/hdslni7v3or71.jpg,1633455350.0,425,0.88,95,CasualUK,fussybanna
q216ol,Visiting mum. She's been comfortably retired for a year and I thought she was doing well. Until I saw this.,,https://i.redd.it/cxwbufrt1or71.jpg,1633454664.0,4612,0.98,366,CasualUK,Rogue_elefant
q20i7t,Munya Chawawa on surviving the great social media power out of 2021...,,https://v.redd.it/710jeyaovnr71,1633452665.0,526,0.93,17,CasualUK,allthekos
q20a0v,Magpie breakfast,,https://i.redd.it/bljmuw5vtnr71.jpg,1633451983.0,700,0.99,40,CasualUK,jack-regan
q1zdde,The overwhelming need to pick up a good shiny conker from the pavement or road at this time of year...,...Just incase of an impromptu conker fight or to prove they keep the spiders away,https://www.reddit.com/r/CasualUK/comments/q1zdde/the_overwhelming_need_to_pick_up_a_good_shiny/,1633449379.0,72,0.92,10,CasualUK,LDCSMB
q1zajr,"No browse, only buy!",,https://i.redd.it/3plmabgglnr71.jpg,1633449154.0,1329,0.98,84,CasualUK,_mister_pink_
q1ymu7,So it was either firing up the central heating for the first time since May or wear these...,,https://i.redd.it/kd4cmgmkfnr71.jpg,1633447242.0,507,0.98,34,CasualUK,Make_the_music_stop
q1y1tg,Didn't the cinema used to have more trailers than adverts? Now it feels like 15 mins of ads and 5 of trailers? Advertising truly is pervasive in the 21st century.,,https://www.reddit.com/r/CasualUK/comments/q1y1tg/didnt_the_cinema_used_to_have_more_trailers_than/,1633445994.0,71,0.9,30,CasualUK,Rectospasmologist
q1wtbt,My partner wondered why I pulled over in the car to check out a Post Box. Because the Post Box people have made it impossible for me not to check out the Royal Cipher on each box(thanks for that). Found my first Victoria box. Partner doesn't understand but she's happy that I'm happy.,,https://i.redd.it/6uh9758zzmr71.jpg,1633441939.0,451,0.98,47,CasualUK,Quoth666
q1wdmd,Who‚Äôs the genius who put these carriages together?,,https://i.redd.it/0rlixlpjvmr71.jpg,1633440442.0,125,0.89,17,CasualUK,MrWat3rmelon
q1w8pk,When people park so close to you...the only way in is through the boot!,,https://www.reddit.com/gallery/q1w8pk,1633439979.0,373,0.95,77,CasualUK,crazycockerels
q1vzz1,Oh shut up!,,https://v.redd.it/xrp1jt1qtlr71,1633439186.0,114,0.9,13,CasualUK,ShiptarPsycho
q1veln,"Squid Game UK, I‚Äôm ready for you",,https://i.redd.it/89uk7yeflmr71.jpg,1633437085.0,125,0.87,6,CasualUK,97rhs
q1v9u8,I saved a woman‚Äôs life today,[removed],https://www.reddit.com/r/CasualUK/comments/q1v9u8/i_saved_a_womans_life_today/,1633436594.0,79,0.58,122,CasualUK,cherrypie78
q1v1ys,Somerset,,https://i.redd.it/zk5fj65ihmr71.jpg,1633435779.0,283,0.99,40,CasualUK,abcdefghabca
q1uh28,M&amp;S Jaffa Cakes are better than McVities'... Yes or No?,,https://i.redd.it/da15vug9amr71.png,1633433440.0,280,0.92,80,CasualUK,StravinskysCat
q1u8rr,Grandparents occasionally leave food out for these fellas,,https://i.redd.it/4totetft7mr71.jpg,1633432461.0,358,0.96,22,CasualUK,Average_196_user_
q1tx75,How to pick what colour to paint your house,,https://i.redd.it/mj190uot3mr71.jpg,1633431118.0,5126,0.99,228,CasualUK,rosseepoo
q1teyt,"On my way to work, glued to my phone, look up and see this. Almost crapped my pants. Pretty cool though.",,https://i.redd.it/nwqf0k2dxlr71.jpg,1633428947.0,704,0.97,81,CasualUK,Himabee
q1tat3,I saved a man‚Äôs life last night.,"Long post warning. 

Prior to the events of the rather wet and windy Monday night, I was relaxing on the sofa wondering why social media wasn‚Äôt working. 
For further context, I live right next to an old canal dock, 3 floors up. 

At approximately 11:20pm last night I heard a huge splash outside. Thinking it was yobs throwing chairs in the canal, I looked out and there was a guy flailing in the water. His head was dipping below and he was struggling for buoyancy. I shouted at him to grab the canal ladder and shone a torch so he could see what to get a hold of. He managed to grab on and climbed out of the water. I asked him if he was ok and he gave me an exhausted thumbs up. I wasn‚Äôt convinced but at least he was on the dockside. He staggered along and caught his breath. I watched him for a few minutes to make sure he didn‚Äôt stray towards the water again. I decided to grab a towel and dashed out in my gym kit and a hoody. 

He had wandered off towards the nearby shopping centre. I saw him in the distance and caught up. He was shivering badly and could barely speak so I threw the towel over his shoulders and reassured him. He was very disoriented and reeked of liquor. I told him to wrap the towel tightly around himself. He wasn‚Äôt much older than me. After some broken sentences from him, I told him that he fell into the canal and he said ‚Äúwhat the fuck have I done?‚Äù. He began to realise what had happened. 

He said he was heading down the street and gestured the direction. Initially I was unsure entirely why. So I ushered him towards the shopping centre knowing there was a Travelodge if he didn‚Äôt have one booked  - I would‚Äôve paid for one night if he needed. I asked if he lived around here, he doesn‚Äôt, he comes from Manchester and is in Gloucester for work only. I enquired what he did and he said that I didn‚Äôt want to know. He was wearing black outdoorsy clothes, a Bluetooth earpiece, had tattoos and looked like a bouncer of some kind. 

As we walked and talked, he wanted to know my name. He kept thanking me for my help. He apologised several times too so I reassured him everything is ok. We got to the end of the street and he assured me he knew where he was. Thankfully, he was staying at the Premier Inn. I told him to take a warm shower and to drink plenty of water when he gets back. He enthusiastically shook my hand, pulled me in for a quick hug and we parted ways. 

I got home drenched and immediately called Premier Inn. I explained the situation and they said he has just checked in and the staff will keep an eye on him for the remainder of his stay. 

As the shock began to wear off, I realised how close he was to drowning, as some drunk people have done in recent years. I wept for the danger he was in. That man was struggling and escaping from something. I really felt for him as I hit rock bottom recently. Although I didn‚Äôt turn to booze to escape, I realised that was his way of dealing with his issues and didn‚Äôt make him feel bad for what he had done. 

I just needed to tell someone because the experience shook me.

Edit: For those who doubt the authenticity of my post, you do you. You weren‚Äôt there - I was. 

I could‚Äôve called an ambulance, yes, but I didn‚Äôt. I was in shock and I‚Äôve never helped a stranger like this before. When people are in shock (fight or flight), generally they‚Äôre not thinking so rationally. 

Thank you to those who do understand the dangers of canals, open bodies of cold water and the dangers they pose to drunk and sober people üôèüèª",https://www.reddit.com/r/CasualUK/comments/q1tat3/i_saved_a_mans_life_last_night/,1633428415.0,2045,0.97,190,CasualUK,sparkzz32
q1swi0,Currys paid someone to come up with this absolutely banging new logo.,,https://i.redd.it/x1dknuwrplr71.jpg,1633426397.0,10481,0.98,849,CasualUK,Hailruka
q1sh3l,Pain &amp; Suffering: my photo collection of Deal or No Deal contestants making a shit job of it (2013),,https://www.reddit.com/gallery/q1sh3l,1633424381.0,147,0.9,28,CasualUK,synchronium
q1sg01,I made two 90s internet cd collages,[deleted],https://www.reddit.com/gallery/q1sg01,1633424232.0,90,0.93,17,CasualUK,[deleted]
q1rnqq,"Helford Passage Beach, Falmouth.",,https://i.redd.it/u6i40gu15lr71.jpg,1633420634.0,103,0.96,4,CasualUK,DarthVarn
p8z13n,My friend‚Äôs boring monstrosity of a meal deal.,,https://i.redd.it/cxdvx00ixri71.jpg,1629578999.0,2298,0.93,326,CasualUK,I-Am-James
p8yyus,¬£2 for half a sandwich in Costa,,https://i.redd.it/1dc323gtwri71.jpg,1629578771.0,6952,0.98,775,CasualUK,Y5K77G
p8wl5n,On car parked outside,,https://i.redd.it/t29sjfmy7ri71.jpg,1629570411.0,439,0.95,24,CasualUK,jessicakaplan
p8v8mw,She best pick up its shit.,,https://v.redd.it/thn7k6scuqi71,1629565869.0,430,0.98,26,CasualUK,babyjesus8lb60z
p8uh2w,you are what mate?,,https://i.redd.it/zbjbcosqmqi71.jpg,1629563276.0,946,0.98,41,CasualUK,boshdalek
p8srbp,Found this guy lying on his back. Had nothing to offer but my last Rhubarb and Custard. He was well away again after a few licks.,,https://i.redd.it/f32t4p555qi71.jpg,1629557360.0,2604,0.99,123,CasualUK,analogcpu
p8pyfg,New shop in town has an interesting name...,,https://i.redd.it/k87ygj497pi71.jpg,1629545968.0,159,0.95,11,CasualUK,Frontzie
p8pib3,Opening coffee like I‚Äôm Pablo Escobar,,https://i.redd.it/8euuz6ci0pi71.jpg,1629543692.0,243,0.91,31,CasualUK,SoberSimon
p8pfaq,Daylight fireworks are a sign now.,,https://i.redd.it/x2en6gp5zoi71.jpg,1629543264.0,1325,0.99,160,CasualUK,tinyarmyoverlord
p8p5jr,Title of the next Bond film announced!,,https://i.redd.it/0tap43anuoi71.jpg,1629541781.0,22365,0.96,174,CasualUK,fi-ri-ku-su
p8obgv,"Also I really hope Rachel Riley does a bit at Sean Lock's funeral and opens with ""Now _this_ is a challenging wank.""",He'd love that.,https://www.reddit.com/r/CasualUK/comments/p8obgv/also_i_really_hope_rachel_riley_does_a_bit_at/,1629537087.0,285,0.91,22,CasualUK,macwest
p8o4eu,"If these mean anything to you then, like me, you're probably too old for Reddit. üò± 2 pics.",,https://history-computer.com/products/commodore-64-history-of-the-commodore-64-computer/,1629536017.0,165,0.81,135,CasualUK,DarthVarn
p8nvra,"I made a French fancy pancake while hungover, not even god will forgive me.",,https://imgur.com/PveCUeF,1629534644.0,667,0.95,50,CasualUK,Lumpyalien
p8n0c4,You know it's been a good night when you wake up with onion rings on your dresser (please ignore the mess; my fianc√© isn't the most tidy of people),,https://i.redd.it/pr6uipjivni71.jpg,1629529910.0,278,0.9,39,CasualUK,Habren_in_the_river
p8fyfy,"There is no way to explain the adrenaline shot one gets when watching TV in bed only to have a terrified fox leap over you, followed by 45 kg of dog",[deleted],https://www.reddit.com/gallery/p8fyfy,1629500245.0,395,0.98,33,CasualUK,[deleted]
p8ev9r,Tesco kitty living his best life. The staff were putting a box down for him as I snapped this photo. Can tell he's planning a snooze. Lucky sod.,,https://i.redd.it/u9lbnkk44li71.jpg,1629496484.0,196,0.98,17,CasualUK,ozzleworth
p8e6wi,Delivered some furniture to a man today and he had some visitors.,[deleted],https://i.redd.it/d8j2fa7dxki71.jpg,1629494218.0,246,0.84,91,CasualUK,[deleted]
p8e548,In the toilets at Cineworld Leicester Square there‚Äôs a vent If you look into it there‚Äôs a still of John MClane from Die Hard crawling towards you,,https://www.reddit.com/gallery/p8e548,1629494060.0,425,0.99,14,CasualUK,hermit_tortoise
p8dxxr,Okay then...,,https://i.redd.it/6e56is11vki71.jpg,1629493422.0,260,0.97,35,CasualUK,ggssmm1
p8dxnd,Sean Lock dirt art with his own proposed obituary.,,https://i.redd.it/uwhgpg0k9ii71.jpg,1629493397.0,2241,0.99,24,CasualUK,RandomHigh
p8cw9f,"Two titans of the high street have combined in this location, now I have a sausage roll and more birthday cards than I know what to do with :)",,https://i.redd.it/tspgcfd4lki71.jpg,1629490090.0,111,0.96,17,CasualUK,buzz_uk
p8cul2,Big fans of the reception in this place.,,https://i.redd.it/kq07qbzmkki71.jpg,1629489946.0,100,0.96,7,CasualUK,vaguebyname
p8cevm,I would like to recommend a UK alternative to ‚ÄòNot my first Rodeo‚Äô,A new paradigm: ‚ÄòNot my first Antiques Roadshow‚Äô,https://www.reddit.com/r/CasualUK/comments/p8cevm/i_would_like_to_recommend_a_uk_alternative_to_not/,1629488575.0,453,0.96,148,CasualUK,IntensiveCare-Bear
p8ce85,Went to Clarkson's Farm shop today and was treated to seeing them harvesting the field next to the car park! Must be filming S2 as there were cameras in the tractor and a drone in the air.,,https://i.redd.it/n6emvgh8gki71.jpg,1629488518.0,939,0.96,80,CasualUK,pepperarmy
p8bk6w,Someone's happy to be back!,,https://i.redd.it/pgte78lk8ki71.jpg,1629485868.0,838,0.99,23,CasualUK,Bonelesszeeebra
p8b7ss,"""Why are you rooting for England?""","I'm an american and was in a bar in new york watching the euros finals. Someone at the bar asked me why I was cheering for England in the match and it made me think about the series of events that led to it, mostly thanks to this subreddit.

* I was on Imgur and found this video of Iggy Pop playing music for his bird that danced when it heard it: [https://imgur.com/gallery/XH52tzi](https://imgur.com/gallery/XH52tzi)
* I started listening to the band in the video, the Sleaford Mods, a punk group from Nottingham. I loved it and got really into their song, ""Tied Up In Nottz."": [https://www.youtube.com/watch?v=CFFWF1DnZKM](https://www.youtube.com/watch?v=CFFWF1DnZKM)
* Part of the lyrics of ""Tied Up In Nottz"" is the phrase ""we are looking 20p in the 10p mix"". I couldn't figure out what it meant, so I googled it. I found this post on CasualUK: [https://www.reddit.com/r/CasualUK/comments/mi3fki/10p\_mix/](https://www.reddit.com/r/CasualUK/comments/mi3fki/10p_mix/) I had never heard of the subreddit before, but I instantly liked it. It's my kind of vibe: no one is yelling, everyone is just talking about food and weather and cute animals they see.
* Fast forward a few weeks. I check the subreddit every day. I have never been to the UK. I now know that Waitrose is very expensive, hedgehogs and foxes are everywhere, Greggs steak bake is usually disappointing, and you can't see a god damn thing from the tallest mountain in england.
* When england was in the euros, the enthusiasm from the subreddit was infectious. I got really excited about the team's victories. I had never watched an entire football game before, but I made a point to go to bars and watch the whole game. When they got in the finals, I was thrilled.
* Day of the finals, watching the penalty kicks. Everyone in the bar seems really excited about Italy. The only other person cheering for the UK besides me and my wife is an old french guy who is cursing every time Italy scores. When he sees me cheering, he asks, ""why are *you* rooting for England?"" The only answer I could give was, ""Oh uh‚Ä¶I have friends there.""

Thanks for being the gateway to me learning all about the UK and football. I have had a blast since I found this place. Sorry for any naive assumptions I've made in this post, I'm still learning after all.",https://www.reddit.com/r/CasualUK/comments/p8b7ss/why_are_you_rooting_for_england/,1629484756.0,4223,0.97,640,CasualUK,bigtimepizzacrime
p8atld,Just a man cuddling with a family of swans in Cambridge on a Friday afternoon.,,https://i.imgur.com/S0mUMv4.jpg,1629483518.0,2574,0.99,145,CasualUK,FinKM
p8a2zn,"I'm not 100% sure what garners a 0 on the Food Hygiene Rating Scheme, but I do wish I'd seen it before I'd ordered my dinner...",,https://i.redd.it/4lhrqf2fuji71.jpg,1629481215.0,9644,0.96,918,CasualUK,BigDaddysFUPA
p89xlp,"Found my unofficial William and Kate engagement guitar pick in a box of stuff. Never change, London souvenir tat shops",,https://i.redd.it/2vajigcbtji71.jpg,1629480740.0,138,0.95,10,CasualUK,legosophie
p89el6,Uh yeah sure Morrisons‚Ä¶ ‚ÄòPiled with pepperoni‚Äô‚Ä¶,,https://www.reddit.com/gallery/p89el6,1629479100.0,97,0.93,28,CasualUK,mairefay91
p892ne,Does anybody have a method for getting the most space out of a pick n mix cup?,"Went to Tesco this afternoon and was tempted by the ¬£2 pick n mix cups, but put much more thought and effort into my cup filling strategy then I did as a child

Does anybody have any particular rules they go by? (also I forgot how much I love fizzy cola bottles)",https://www.reddit.com/r/CasualUK/comments/p892ne/does_anybody_have_a_method_for_getting_the_most/,1629478116.0,73,0.97,66,CasualUK,BudgetYam5
p88rl2,Got engaged at Folly Dolly Falls :) couldn't of asked for a better time away!,,https://i.redd.it/zu4hadapiji71.jpg,1629477168.0,1244,0.85,108,CasualUK,Stabbykarp
p883oc,Stopped by here earlier. Sadly there was no open day. Was hoping to get a couple of fleeces and maybe a signed copy of Terry's book.,,https://www.reddit.com/gallery/p883oc,1629475171.0,74,0.92,16,CasualUK,A_Song_of_Two_Humans
p87uym,Esso 1990 World Cup Coin Collection. My Mum was ace in collecting the Tiger tokens for me when filling up üòÉ.,,https://www.reddit.com/gallery/p87uym,1629474412.0,147,0.98,26,CasualUK,SidneyBiglove
p86tfq,Traumatic scenes today at the dump,,https://i.redd.it/lt8c1hgz0ji71.jpg,1629471213.0,1459,0.99,87,CasualUK,theatrechippie
p86sqb,A Countdown classic today‚Ä¶,,https://i.imgur.com/P1wfPxj.jpg,1629471155.0,653,0.98,46,CasualUK,AlexTheGiant
p86pvc,Theres a man in brick lane shoreditch who does paintings and sculptures of only broccoli.,,https://www.reddit.com/gallery/p86pvc,1629470894.0,111,0.97,25,CasualUK,jack_hull
p85h5n,"The oldest working post box in the UK, from 1852",,https://imgur.com/eGwEYH1,1629467031.0,307,0.98,24,CasualUK,Crusadaer
p85c99,What do we reckon?,,https://i.redd.it/c9cvqc58nii71.jpg,1629466583.0,325,0.97,85,CasualUK,[deleted]
p85a86,The Queen outlasted the commemorative tree,,https://i.redd.it/ahxjhmb1xhi71.jpg,1629466396.0,278,0.98,4,CasualUK,Nyckname
p84b6o,"Meet Russell, the Crow I found washed up on the river bank, now on the way to recovery.",,https://www.reddit.com/gallery/p84b6o,1629462906.0,218,0.98,14,CasualUK,pieandapint
p837vy,Clifton Suspension Bridge - Bristol,,https://i.redd.it/smpqoji3zhi71.jpg,1629458471.0,333,0.99,26,CasualUK,lebele
p82got,Got myself a ticket for the Foo Fighters!,My carving a new life alone has just gotten even better. Got myself a ticket for the FF June next year. Yes its cost me an arm and a leg but no one to consult or debate with only one ticket to buy means I got one. So excited.  Look out for the short dumpy middle aged woman having the time of her life Block C.,https://www.reddit.com/r/CasualUK/comments/p82got/got_myself_a_ticket_for_the_foo_fighters/,1629455002.0,150,0.93,47,CasualUK,LucyMckonkey
p82elh,Meet Colin,,https://i.redd.it/xnvie19ynhi71.jpg,1629454720.0,546,0.99,49,CasualUK,JedsBike
p82c4g,"Anyone still use these? Was always amazed how the sticker never came off the soap, no matter how much you used.",,https://i.redd.it/hmsld24rmhi71.jpg,1629454374.0,4193,0.99,490,CasualUK,gee_four
p8217t,Sleeping on the job!!,,https://i.redd.it/igkg6twoihi71.jpg,1629452952.0,170,0.98,11,CasualUK,oreomilkshake2
p81r2v,"Can't decide if I'm infuriated, or impressed at their rebellion",,https://i.imgur.com/CqPIREc.jpg,1629451804.0,95,0.95,22,CasualUK,BeerHikeLift
p81qcl,Bit into my jam doughnut only to discover they are filled with custard. That's my Friday ruined.,,https://i.redd.it/p816ukbzehi71.jpg,1629451702.0,1477,0.97,223,CasualUK,FortyDollarRug
p81ecu,"Oh the sweet, sweet irony",,https://i.redd.it/uy5m9n8r9hi71.jpg,1629450545.0,172,0.96,11,CasualUK,edbowels
p81apr,See this meme get posted from time to time so had to fix it....,,https://i.redd.it/ifbyoqhg8hi71.jpg,1629450508.0,258,0.95,38,CasualUK,techum10
o3qr2m,"Anyone else grow up saying ""going to the pictures"" when they were going to the cinema?",Just discussing this with my husband and he'd never heard of it,https://www.reddit.com/r/CasualUK/comments/o3qr2m/anyone_else_grow_up_saying_going_to_the_pictures/,1624139546.0,350,0.95,136,CasualUK,Varniepoos
o3pqqp,My local tescos has had to create a no man's land to protect the price reducer,,https://i.redd.it/m4lkp4xxda671.jpg,1624136436.0,14601,0.98,995,CasualUK,crashtacktom
o3ears,should've gone to specsavers,,https://i.redd.it/kfuq2qd2o7671.jpg,1624103512.0,4821,0.98,92,CasualUK,iNeedHealing24_7
o3c9r3,We do like creative slogans,,https://i.redd.it/hoxzllstz6671.jpg,1624095362.0,840,0.98,19,CasualUK,[deleted]
o3c4v6,Gotta love British farmers justice system,,https://i.redd.it/2rsp2i5vx6671.jpg,1624094701.0,9739,0.94,424,CasualUK,mitchanium
o3boqn,Dear bloke in the urinals at the Red Lion last night,You caught me checking my hair in the mirror and told me I was rocking it. Nice one bruv that really cheered me up. Shame about the game though,https://www.reddit.com/r/CasualUK/comments/o3boqn/dear_bloke_in_the_urinals_at_the_red_lion_last/,1624092591.0,720,0.95,38,CasualUK,Eben_MSY
o38yu2,Waking up to the tallest mountain in england (scafell pike),,https://i.redd.it/zbhw94isq5671.jpg,1624080218.0,916,0.99,41,CasualUK,Over_Killed
o32p8c,He-Man has a lesson for you,,https://i.redd.it/kg5c8azqv3671.jpg,1624057669.0,656,0.97,38,CasualUK,MrSvenningsBrownEye
o2zwsh,Fair play for helping the clean up!,,https://i.redd.it/rzibrju173671.jpg,1624049374.0,1381,0.99,70,CasualUK,gyps0n
o2xs0s,Mum was in charge of buying Cornetto‚Äôs for pudding. Never again.,,https://i.redd.it/sey78fshp2671.jpg,1624043460.0,232,0.97,39,CasualUK,AwfulFrank
o2w6n0,"Of all the clever business names I've seen, this is my favourite!",,https://i.redd.it/z5u0duecd2671.jpg,1624039374.0,16260,0.97,275,CasualUK,BiZarrOisGreat
o2w6jw,One jock eight cops,,https://i.redd.it/61d3z6sbd2671.jpg,1624039367.0,248,0.96,40,CasualUK,Stotallytob3r
o2vh9o,Post lockdown men‚Äôs wear available now!!!,,https://i.redd.it/wtclahqe82671.jpg,1624037712.0,1431,0.98,40,CasualUK,Kuffdam
o2uz05,First time I‚Äôve finished one.,,https://i.redd.it/5qayujk062671.jpg,1624036908.0,741,0.98,40,CasualUK,nooks11
o2tv3m,"I grew this English rose, it's called Scepter'd Isle, and it almost makes me want to start singing Jerusalem while drinking Bovril.",,https://i.redd.it/x6y4pms702671.jpg,1624034957.0,207,0.97,16,CasualUK,mrsfran
o2tfu7,"Spotted this, thought it was a nice idea!",,https://i.redd.it/nfxykq9tw1671.jpg,1624033819.0,178,0.98,45,CasualUK,allthekos
o2s2os,Just got 4 boxes of prime strawberries for ¬£1!! Just as the market in Cheltenham was closing. Bargains!,,https://i.redd.it/wllii26jo1671.jpg,1624031031.0,233,0.98,23,CasualUK,RJWeaver
o2r0ly,"Found this bad boy at the bottom of my dads toolbox, absolutely loved these as a kid!",,https://i.redd.it/fqe81wldg1671.jpg,1624028285.0,485,0.98,56,CasualUK,nofuckinziti-
o2ps91,It‚Äôs a shame all this rain will spoil their fun ‚Ä¶,[deleted],https://v.redd.it/11ohuwaa61671,1624024901.0,354,1.0,20,CasualUK,[deleted]
o2phv8,Went out for a walk yesterday evening along the seafront and saw this ferry failing to hide in the sea mist properly. It's still inside the harbour as well at this point,,https://i.redd.it/eltugsvv31671.jpg,1624024087.0,311,0.99,19,CasualUK,BeneficialGarbage
o2pad9,"Shout out to u/snaaby, a very kind soul from the states. I mentioned on another r/CasualUK thread that my autistic son loves to collect hubcaps, so they air mailed this merch from their business to my son. I have one thrilled teenager and my restored faith in humanity.",,https://i.redd.it/0dac508221671.jpg,1624023475.0,2587,0.99,59,CasualUK,neidin28
o2o3m7,Truly awful photo I took in Cornwall today,,https://i.redd.it/q4cs0hmyq0671.jpg,1624019744.0,237,0.94,24,CasualUK,Tomby_93
o2o35d,Highland coo that couldn't be anymore ginger,,https://i.redd.it/6nxvoxsuq0671.jpg,1624019705.0,362,0.99,16,CasualUK,hermit_tortoise
o2nxea,For about 3 seconds I thought Clinton's had a card section for goths.,,https://i.redd.it/zd5ilrzbp0671.jpg,1624019197.0,375,0.97,16,CasualUK,lets_go_chimp
o2njc5,"Just some rats to gawp at, because baby rats are awesome. These little buddies are now ready for new homes so will be their last few days with me",,https://www.reddit.com/gallery/o2njc5,1624017881.0,251,0.97,25,CasualUK,Mischief_Makers
o2m60i,I‚Äôm going to meet my mates for the first time!!,"We met on the Xbox 4 years ago and now I‚Äôm on a train from Newcastle to Manchester to meet them!! 

One lad is coming from Sheffield and one is coming from Wales too!!

I‚Äôm so excited!! :D",https://www.reddit.com/r/CasualUK/comments/o2m60i/im_going_to_meet_my_mates_for_the_first_time/,1624012880.0,318,0.98,46,CasualUK,Number1Cow
o2luhd,Only another 300 bales to collect!,,https://i.redd.it/qln45hvt20671.jpg,1624011624.0,203,0.99,53,CasualUK,BCF13
o2kq5o,"There are worse views to have when eating lunch! (Up Skiddaw, Lake District)",,https://i.redd.it/3fxtfx3poz571.jpg,1624006871.0,201,0.97,8,CasualUK,BlunderingBazookas
o2kmzk,Just a dog on a hay bale,,https://i.redd.it/h25jluvmnz571.jpg,1624006524.0,193,0.98,5,CasualUK,TrashPandaBoy
o2kkgm,"Shoutout to the menu team at McDonald‚Äôs, which has somehow been getting away with releasing a bacon double cheeseburger with a new name every six weeks for the past decade",,https://www.reddit.com/r/CasualUK/comments/o2kkgm/shoutout_to_the_menu_team_at_mcdonalds_which_has/,1624006210.0,498,0.98,56,CasualUK,Davelbast
o2jzto,"My nephews have a ""go to school as your dream job"" day.","One went as a lawyer is his little suit, and the other as an ice cream man. Proper cheered up my morning!",https://www.reddit.com/r/CasualUK/comments/o2jzto/my_nephews_have_a_go_to_school_as_your_dream_job/,1624003795.0,114,0.98,24,CasualUK,DaisyLea59
o2ji15,"I took a photo of a cow while out with the dog. I quite like it, and wondered if you would too?",,https://imgur.com/fU9UhWE,1624001780.0,18621,0.92,701,CasualUK,The_World_of_Ben
o2je13,What‚Äôs wrong McFly‚Ä¶?,,https://i.redd.it/d73os7t48z571.jpg,1624001300.0,170,0.94,6,CasualUK,Honiton_Harry
o282j3,The irony of this road signs placement spotted on a recent trip to Scotland,,https://i.redd.it/mz6dxn3q6w571.jpg,1623964506.0,488,0.99,17,CasualUK,Arrigerre
o272cn,"My scientific analysis of the first 100 'FOR HER' and 'FOR HIM' cards on Thortful, which helped me to procrastinate the tedious process of actually buying a card",,https://i.redd.it/6khcelhyyv571.png,1623961904.0,464,0.98,60,CasualUK,pingusbeak
o26rfh,"Chilling on the beach Sunday watching England and burnt my ankle. Made a purchase of Garnier after sun. However it was unbeknownst to me that it included fake tan as well. Three layers, five days and three showers later and behold... A work of art.",,https://i.redd.it/qmxsyuynwv571.jpg,1623961126.0,3415,0.99,117,CasualUK,jp963acss
o26cud,We've built a balcony for the cat so he can look over the squirrels like the pope,,https://i.redd.it/3ufzk63rtv571.jpg,1623960144.0,886,0.99,60,CasualUK,BookkeeperHefty2143
o25twt,Journied to the Northern most part (Hermaness) of the Northern most island (Unst) in the UK yesterday to see one of most populated puffin colonies. They're sadly in huge decline so it was incredible to see so many!,,https://imgur.com/ENjo1or,1623958845.0,192,0.99,14,CasualUK,lemoutonvolant4
o24h74,Anyone looking for fencing ideas? Look no further!,,https://i.redd.it/3v61ff5tfv571.jpg,1623955453.0,216,1.0,31,CasualUK,hiten808
o23v54,The old A1 went through this medieval gate,,https://i.redd.it/u2ffsj88bv571.jpg,1623953917.0,1509,1.0,98,CasualUK,PollyTing
o20val,I saw Henry VIII at Hampton Court Palace!,,https://i.redd.it/i0c2vgd6ou571.jpg,1623946174.0,447,0.99,20,CasualUK,Zealousideal_Candle7
o1wua8,"Perfect day in Suffolk. After yesterday's heat wave, the day is much appreciated.",,https://i.redd.it/s65jj3kxrt571.jpg,1623935317.0,120,0.98,18,CasualUK,famousaj
o1wqff,"PROOF a Twirl is just a Flake in a chocolate suit. Been saying it for years and now thanks to a malfunction in the Twirl dept, we now have proof.",,https://i.redd.it/et53of7zqt571.jpg,1623934996.0,13572,0.95,651,CasualUK,fruitgamingspacstuff
o1wive,I was menaced by this absolute beast the other day. Look as the size of it's stinger! Anybody else been doing battle with these monsters?,,https://imgur.com/6WEVrzx,1623934366.0,139,0.95,76,CasualUK,Dr_Heron
o1wagz,Making friends in Pembrokeshire.,,https://i.redd.it/oahnjvqwmt571.jpg,1623933644.0,225,0.98,9,CasualUK,Ripley_Tee
o1w5yj,Our local Co-op has just got an slush puppy machine,,https://i.redd.it/07bmscgnlt571.jpg,1623933243.0,665,0.96,81,CasualUK,[deleted]
o1vnuw,Battleship. Singular. I‚Äôve been saying it wrong for 40 years.,,https://i.redd.it/wb0bykbwgt571.jpg,1623931606.0,172,0.95,66,CasualUK,Rubberfootman
o1v0bo,Went to swivens farm a few days ago. This piggy must of had a late night.,,https://v.redd.it/3r7els03at571,1623929380.0,279,0.91,22,CasualUK,thisiscotty
o1ujrb,"Good evening, on today's Antique's Roadshow, we have an ornate Ming.",,https://i.redd.it/kacp3hwb5t571.png,1623927735.0,992,0.97,43,CasualUK,Daypasser
o1tdr9,"Leaving my mates jazz gig in Brixton, streets were almost empty, the pavement was shiny and it was boiling. Got stared down by an uber driver, great night.",,https://i.redd.it/gmn0mp38ss571.jpg,1623923308.0,5779,0.96,169,CasualUK,randomlumberjak
o1sxn8,It‚Äôs not summer until you‚Äôve seen an Ice Cream Van parade in rainy Plymouth.,,https://streamable.com/4mqp4l,1623921462.0,454,0.98,41,CasualUK,VSCodeExtensions
o1s6wr,First rose from the rose bushes I planted earlier this year.,,https://i.redd.it/kmxvgukpds571.jpg,1623918432.0,446,0.98,23,CasualUK,Marti985
o1rfqb,"If anyone is looking for good suggestions for places or ideas for things to do in the UK, I can highly recommend the VisitBritain website.","honestly not /r/HailCorporate  - I just stumbled across it this morning, and it's actually quite good!

I think I need to be a tourist in my own country a bit more, I think we forget it also has things to offer.",https://www.reddit.com/r/CasualUK/comments/o1rfqb/if_anyone_is_looking_for_good_suggestions_for/,1623915339.0,106,0.96,14,CasualUK,kwin_the_eskimo
o1ocux,No truer words. Worcestershire sauce is purple because‚Ä¶ something,,https://i.imgur.com/cyoueK1.jpg,1623903850.0,1848,0.99,182,CasualUK,BummingAbout
o1e51t,HMS Prince of Wales takes to the air for the first time.,,https://i.redd.it/4s6uan3tpo571.jpg,1623874087.0,1298,0.99,39,CasualUK,EmperorOfNipples
o1cwt7,Salcombe this morning,,https://www.reddit.com/gallery/o1cwt7,1623870977.0,686,0.99,30,CasualUK,loulabelle20
o1bb05,First potatos harvested. Not bad for a first try!,,https://i.redd.it/gyec1vqn4o571.jpg,1623866961.0,232,0.97,22,CasualUK,thisiscotty
o1aq0d,G7 security,,https://i.redd.it/nf0mf31d0o571.jpg,1623865510.0,13873,0.98,301,CasualUK,redunculuspanda
o186n8,Oh hello there (yes the grass is long),,https://imgur.com/yHLFF4g,1623859084.0,141,0.99,5,CasualUK,workedmisty
o16d7e,Went for a walk on Sunday. Walked from Teignmouth to Dawlish Warren.,,https://www.reddit.com/gallery/o16d7e,1623854191.0,111,0.98,14,CasualUK,Symnsy91
o14t9x,Looks like there may be a ghost problem in my town,,https://i.imgur.com/mTyWaTX.jpg,1623849908.0,372,0.98,41,CasualUK,Danze1984
o14l2f,A little bee wiggling it‚Äôs bum to brighten your day.,,https://v.redd.it/408san8inm571,1623849253.0,330,0.98,23,CasualUK,Original_Username_19
o13oe8,Can we appreciate the amazing sunsets we've had for the past two days? I took these yesterday and the day before down Cornwall way üòÅ,[deleted],https://www.reddit.com/gallery/o13oe8,1623846401.0,134,0.97,3,CasualUK,[deleted]
o13e21,Shop's historic name showed up on the Co-op refurbished in Wimbledon Chase.,,https://i.redd.it/pbtn9f3qcm571.jpg,1623845457.0,165,1.0,14,CasualUK,Randy_McKay
o13e15,Oh America!,,https://i.imgur.com/dlM8zTD.jpg,1623845455.0,11013,0.98,205,CasualUK,MGC91
o129p0,Watered and fed a struggling Bee in my truck,,https://v.redd.it/h6t2o1sb0m571,1623841467.0,159,0.95,25,CasualUK,homel355trucker
o12893,If Germany followed British naming conventions,,https://imgur.com/rluPlxb,1623841312.0,230,0.96,52,CasualUK,Berber42
o10y5a,A timelapse of clouds rolling down the side of Bowfell and Crinkle Crags in the Lake District,[deleted],https://v.redd.it/ldwq7jaokl571,1623836105.0,113,1.0,4,CasualUK,[deleted]
o10uf9,They‚Äôve eaten most of the tadpoles in our pond but they are magnificent little creatures,,https://i.imgur.com/sdfnRMu.jpg,1623835653.0,94,0.98,15,CasualUK,RunOnDarkNRG
o10j0t,Glyn likes holes,,https://i.redd.it/xpvsd65lfl571.jpg,1623834310.0,220,0.97,6,CasualUK,burger_guy1760
o109aq,Eyeballed some remarkably cute and tame fur friends just now,,https://v.redd.it/w6orhzkxbl571,1623833134.0,115,0.98,12,CasualUK,stormGEO
o0zypi,Lad discovers he's colourblind [colourised] - July 2021,,https://i.redd.it/8sgqi7i18l571.jpg,1623831773.0,257,0.94,14,CasualUK,cogspringseverywhere
o0yohz,Did anyone else recognise this aeroplane in the new MSFS trailer?,,https://i.redd.it/3hyz0bmqqk571.png,1623826010.0,361,0.98,32,CasualUK,Doublebow
o0xvgi,"Cracking start to the morning, before the sun came up and spoilt it ;)",,https://i.redd.it/i0tba7dpgk571.png,1623822591.0,908,0.99,29,CasualUK,scouserdave
o0wpwh,I've forgotten how to talk to people,,https://i.redd.it/q1yofv723k571.jpg,1623817991.0,9055,0.97,206,CasualUK,graspee
o0q7og,Cat food recall,"This isn‚Äôt normal content however as a warning, [dry cat food from AVA, Applaws, and Sainsbury‚Äôs is being recalled](https://www.foldhill.co.uk/fold-hill-foods-ltd-is-recalling-a-number-of-products-it-manufactures-on-behalf-of-partner-brands/) as there is a possible link between them and a fatal condition called pancytopenia. If you have an effected batch, you must not continue feeding it to your cat. This isn‚Äôt meant to worry people, however it‚Äôs quite a serious issue so I thought I‚Äôd share here in case anyone hasn‚Äôt seen.

It‚Äôs normally [a very rare condition](https://www.rvc.ac.uk/news-and-events/rvc-news/rvc-study-to-investigate-mysterious-recent-spike-in-severe-feline-pancytopenia-cases) however [there has been a spike](https://www.facebook.com/168917303128553/posts/4211787118841531/) in the last few weeks, and members of the public are saying [most of the affected cats are dying](https://www.facebook.com/groups/806871953557080/?ref=share). In all cases, the food manufacturer seems to be the common link.

Edit 1:
Added more detail.

Edit 2: Fold Hill Foods have [released an FAQ](https://www.foldhill.co.uk/recall/) about the situation. The RVC have also [released an update](https://www.rvc.ac.uk/news-and-events/rvc-news/feline-pancytopenia-update) on the investigation, however the cause has not yet been confirmed. Hopefully we‚Äôll soon know more

Also, [Wilko have recalled some of their cat food](https://www.wilko.com/medias/A4-CAT-FOOD-PRODUCT-RECALL-FINAL-18.6.21.pdf?context=bWFzdGVyfGltYWdlc3w2MjA4ODZ8YXBwbGljYXRpb24vcGRmfGltYWdlcy9oZTgvaDk2LzkxNzk4MzgwNTQ0MzAucGRmfGEyNmIyZTQ0NGY5NTk5ZWY1OTU0YmY4N2YyYzYxMWUwNjM4OGMyYTYxZjg5NDNmODczYjQ2MjQ3NWY0ZTU4ZTI) voluntarily. There is no link like there is for the other three foods, the FSA have not recalled it, and the RVC is not investigating it.",https://www.reddit.com/r/CasualUK/comments/o0q7og/cat_food_recall/,1623795835.0,243,0.97,51,CasualUK,BigFatBazza
o0nri7,"A couple months ago I posted the pic of a medal I received for doing sponsored walks for the Manchester bombing victims, recently I found out I have helped raise this much money for the charities. The grand total is around ¬£44k which I am honoured to have helped raise.",[deleted],https://i.redd.it/a2oge8u7oh571.jpg,1623788786.0,116,0.93,21,CasualUK,[deleted]
o0mmt7,Me and my mate beans,,https://i.redd.it/hq8015z4fh571.jpg,1623785744.0,1336,0.99,36,CasualUK,HamMan212
o0ly03,"Seeing this swan do this made me realise, a swan could fuck me up",,https://www.reddit.com/gallery/o0ly03,1623783863.0,128,0.97,28,CasualUK,LTower
o0lutb,Two young lads walked into my work today with identical bowl cuts. Exactly like the one in the picture. Apparently these are a thing now? What's happening?! Am I old?!,,https://i.redd.it/50a51zap8h571.jpg,1623783629.0,126,0.96,81,CasualUK,The_Scrunt
o0l7ce,You know the sign is there because someone popped a shite in the prescription box,,https://i.redd.it/pdw66ass3h571.jpg,1623781922.0,76,0.95,12,CasualUK,quidser
o0kzs4,"Went to the beach at Dawlish Warren this morning, left before people ruined the peace......",,https://i.redd.it/to704jq12h571.jpg,1623781365.0,1809,0.99,80,CasualUK,loulabelle20
o0ku15,UK road repair got to love the attention to detail in the paint job to only touch the bit repaired,,https://i.redd.it/6i4hxoiw0h571.jpg,1623780947.0,533,0.99,59,CasualUK,barkinglong
o0jqy7,Got my positive vibes from a bin today.,,https://i.redd.it/jorjutfhsg571.jpg,1623778119.0,93,0.97,7,CasualUK,DiggeryDave
o0jqpi,M&amp;S have a very different idea of 'nothing in the cupboard' to me - just whip out that truffle pesto,,https://i.redd.it/lsyk0lfesg571.jpg,1623778101.0,1652,1.0,174,CasualUK,vaguebyname
o0jf1r,My friend dave did this beautiful oil painting of the jacobite steam engine going over the Glenfinnan viaduct.,,https://i.redd.it/0xd9rvtzpg571.jpg,1623777275.0,1494,0.99,49,CasualUK,shadowhexus
o0iznb,"Stay classy, London",,https://i.redd.it/dwpowstnmg571.jpg,1623776158.0,197,0.96,20,CasualUK,caramelcustard
o0it91,The new channel Gbeebies read out my email on the subject of childhood obesity. I had to use a false name though...,,https://v.redd.it/kidv44b0lg571,1623775679.0,284,0.87,63,CasualUK,verlboy90
o0gt9c,"Last week, I managed to nab a second hand freezer for ¬£28. The aim was to get back to bulk cooking properly, but the Ice Cream Fairy appears to have visited in the night and filled the entire bloody thing with lollies, ice cream and freeze pops. Guess I'll just have to cope.",[deleted],https://i.redd.it/m0w450h55g571.jpg,1623770370.0,341,0.98,28,CasualUK,[deleted]
o0gs2d,"Update: the Richmond sinkhole has now been removed, the police are still searching for the perpetrator",,https://www.reddit.com/gallery/o0gs2d,1623770283.0,162,0.99,10,CasualUK,Fline8888
o0gi50,I think we should keep measures like this in place after July 19th‚Ä¶,,https://i.redd.it/kz4w5pb13g571.jpg,1623769556.0,6639,0.98,228,CasualUK,AntO_oESPO
o0flic,"Cornfields near Lambley, Notts. The colours are amazing at this time of year.",,https://www.reddit.com/gallery/o0flic,1623767117.0,75,0.96,5,CasualUK,Rubberfootman
o0fbxq,"When my mum calls me using her Echo Show, if I don‚Äôt answer, she‚Äôll generally ‚Äúthank‚Äù Alexa for the call :-) This time I‚Äôm wondering if I‚Äôve forgotten to cut her grass or something.",,https://i.redd.it/15bsqujltf571.jpg,1623766380.0,191,0.98,4,CasualUK,awoodedglade
o0ehtu,I'm not allowed to tell anyone IRL so I'm telling you lot otherwise I'll burst,"My Mrs is right up the duff!

First one and I'm being all ""lets not get excited, there's a long way to go yet so nothing's certain"" when in reality I'm shitting it and super excited at the same time. We've been trying for about 6 months and I'm trying to stay pragmatic because 40 weeks is a long time and a lot can go wrong but yeah, could be a new Hawk in the nest by next April!!

Now, don't tell anyone!

&amp;#x200B;

\*\*UPDATE\*\*  


Wow, thanks you lot. I thought I'd be shouting into the void with this but it's been really heartwarming reading all your comments. This a has blown up more than any other post and I have nothing to promote so I'll just ask, if you read this, be nice to a stranger this week if you get chance. Much Love x",https://www.reddit.com/r/CasualUK/comments/o0ehtu/im_not_allowed_to_tell_anyone_irl_so_im_telling/,1623764086.0,3711,0.94,313,CasualUK,cheeba-hawk1980
o0dy8p,The workmen down my bit appear to be enacting some sort of dark and Satanic ritual,,https://i.redd.it/57e7yzyxhf571.jpg,1623762479.0,142,0.99,24,CasualUK,GrunkleCoffee
o0cnmu,Got my 2nd vaccine jab today and told the doc ‚ÄúFacebook tells me the vaccine will make me magnetic. I‚Äôll be very disappointed if it doesn‚Äôt.‚Äù,"To which he replied ‚Äúsorry, it won‚Äôt. You may find that your arm will get hot in 12 days, but don‚Äôt worry, that‚Äôs just us activating the chip I‚Äôm about to put in you.‚Äù

Good old British NHS.",https://www.reddit.com/r/CasualUK/comments/o0cnmu/got_my_2nd_vaccine_jab_today_and_told_the_doc/,1623758331.0,12974,0.96,498,CasualUK,ape-drape
o0bnh7,Gotta respect the hustle from Morrisons (2 images),,https://www.reddit.com/gallery/o0bnh7,1623754830.0,153,0.91,23,CasualUK,ravioliraviolii
hvgix6,Some idiot put Jaffas in the fridge this as the mods said when I first posted was low effort so I wrote a poem in the comments,,https://i.redd.it/rfvi6xcj5ac51.jpg,1595367632.0,96,0.87,31,CasualUK,[deleted]
hvemp5,weeeyyyy,,https://i.redd.it/79fhraotn9c51.jpg,1595361677.0,123,0.94,10,CasualUK,drinkinlava
hvdzd4,Stay Alert,,https://i.redd.it/dzhdojtqh9c51.jpg,1595359633.0,309,0.99,46,CasualUK,yellowearthworm
hvbh33,Been waiting months for my first pint back at my local...,,https://i.redd.it/uwu0q34ku8c51.jpg,1595351831.0,33583,0.94,825,CasualUK,jndn7
hvb3ke,My favourite meal as a light snack,,https://i.redd.it/5l1fnxfnq8c51.png,1595350638.0,277,0.96,25,CasualUK,ibreathetea
hvaihl,I made a delivery slot finder that emails you when slots open up,"This is **free** and works with Asda, Sainsburys and Iceland.

If you are still struggling with finding slots or have friends and family who are, then try this out.

https://findadelivery.com

I am working on adding more shops and features, so all feedback is welcome! üôè",https://www.reddit.com/r/CasualUK/comments/hvaihl/i_made_a_delivery_slot_finder_that_emails_you/,1595348899.0,152,0.95,56,CasualUK,squareunderwear
hv9lh6,Different take on redundancy.,"Two sides to every coin, as always.

Background: Late 20's, engineer, privately owned manufacturer of a semi-luxury product.

Got told last week that come mid august I won't have a job. Cheeky fuckers even asked for an extra couple of weeks past my notice. Initially furloughed in april, brought back for start of july by demand from another dept within the company. Redundancies announced as soon as I came back - thought I'd be safe because of the department that wanted me back. Nope. Bunch of other people going too.

Do I give a fuck about being made redundant? No. I give a fuck that the the billionaire owned firm which is fully aware of it's cyclical financial performance and never made any accommodation for something like this, and is now turfing out a number of people to go find a new job in the pandemic and start of a recession. I give a fuck that I have bills to pay, debt to pay off and don't own my house - so I can't even do the ""start living"" thing, I have to go and panic to not have a lapse in pay. I give a fuck that I might have to shoot my own career/aspirations in the leg to survive, and I give a fuck about my colleagues which will struggle to find something new because of their situation. I give a fuck that a number of old-timers at the company got the opportunity of voluntary and walked away with 30k+ while I don't even qualify for the minimum payment because I've worked here for under 2 years. 

It's all a giant pile of shit. And I really am not looking forward to the panicked job search.",https://www.reddit.com/r/CasualUK/comments/hv9lh6/different_take_on_redundancy/,1595346101.0,112,0.95,38,CasualUK,ultilink
hv81rs,I've finally gone mad from WFH.,"27F, Kent / London

I'm probably going to dox myself here but fuck it. How is everyone coping with this? Is anyone feeling as hopeless as me?

I've gained a massive amount of weight during lockdown from boredom, so I've now gotten myself into a situation where I both don't want to be seen in public but really need to get out the house?

I've always struggled to keep friends so it's been hard and pretty lonely through lockdown.

I guess I'm looking for encouragement that I'm not in this alone, but also anyone who's in the same situation and needs company to reach out would be nice too.",https://www.reddit.com/r/CasualUK/comments/hv81rs/ive_finally_gone_mad_from_wfh/,1595340870.0,102,0.95,139,CasualUK,chunkycasper
hv7tec,I published a paper today on microplastics in the Thames. Here is an infographic summary. Also article on BBC News ‚ÄòRiver Thames severely contaminated by microplastics‚Äô https://www.bbc.co.uk/news/science-environment-53479635?intlink_from_url=&amp;link_location=live-reporting-story,,https://i.redd.it/kpcrj04av7c51.jpg,1595340005.0,91,0.96,15,CasualUK,pokegirl93a
hv7jwx,Shout out to a couple of years back when someone posted a slice of toast under my back gate,,https://i.redd.it/lv2j9cn6s7c51.jpg,1595338994.0,1115,0.99,58,CasualUK,funk_monk
hv77tt,Birmingham Council Recycling Centre making the trip to the dump just that bit more... artistic?,,https://i.redd.it/sb6qo5ieo7c51.jpg,1595337658.0,114,0.98,17,CasualUK,oogidyboogidy19
hv6pyp,My average daily steps through the last 12 months showing the effects of lockdown,,https://i.redd.it/df3wraa4i7c51.jpg,1595335541.0,83,0.93,14,CasualUK,imogp
hv5zhu,"SEEING PURPLE | Cotswold Lavender, Cotswolds, England",,https://i.redd.it/ieqaaqp387c51.jpg,1595332226.0,1337,0.99,31,CasualUK,tomgracie92
hv4dtb,Anyone else have ridiculously idealistic views of certain jobs? Bored at work and can‚Äôt help but think being a postman must be great.,"I have this idealistic view of being a postman, as though the job essentially consists of wandering through beautiful little villages in the haze of perpetual summer, passing the time of day with the people you‚Äôre delivering to, maybe stopping for the odd cup of tea and/or affair, and getting a few tins of Quality Street at Christmas. It‚Äôs all very Midsomer Murders (without all the murder) meets Larkrise to Candleford with a brief stop in Detectorists (for the ‚Äúgentle‚Äù factor). 

Anyone else have these ridiculously utopian views of certain jobs? And can someone burst my bubble and stop me from quitting my boring office job in pursuit of this halcyon dream?",https://www.reddit.com/r/CasualUK/comments/hv4dtb/anyone_else_have_ridiculously_idealistic_views_of/,1595323829.0,6924,0.97,1298,CasualUK,EmpressLeonie
hv2xey,Bounding over the dunes in Northumberland,,https://v.redd.it/r4f07rq3v5c51,1595315715.0,535,0.98,26,CasualUK,emilybuckshot
hv2s6r,Burnt out Beach Hut - Bournemouth,,https://i.imgur.com/iUTt9c8.jpg,1595314943.0,155,0.98,45,CasualUK,cowie71
hv2bbj,Sometimes even Plymouth has its moments of beauty,,https://i.redd.it/gylfivdll5c51.jpg,1595312500.0,520,0.97,63,CasualUK,dumonos
hus4f5,It's the simple things,,https://i.redd.it/2u2559r8f2c51.jpg,1595274040.0,214,0.97,32,CasualUK,Elrap
hur22r,We Had Hyacinth long before the Karen came about,[deleted],https://www.reddit.com/r/CasualUK/comments/hur22r/we_had_hyacinth_long_before_the_karen_came_about/,1595270817.0,182,0.92,23,CasualUK,[deleted]
hur0bx,"A saw a post on here from a couple of years ago about someone who got the 'perfect' packet of Fruit Pastilles. I then decided to walk to the shops and get a packet myself, and I managed to get a 'green-free' packet also :)",,https://i.redd.it/eo7vfcl752c51.jpg,1595270669.0,113,0.9,19,CasualUK,typicaltech
huqety,Our parking situation is crazy,,https://i.redd.it/xp02kvah6zb51.jpg,1595268868.0,87,0.96,12,CasualUK,Iwantmyteslanow
hup9m0,"Definitely need to visit my mum more often when the weather is like this. Canford Cliffs beach, looking towards Bournemouth and Hengistbury Head in the distance",,https://imgur.com/BeTC4HK,1595265389.0,97,0.94,13,CasualUK,TooRedditFamous
huof0c,EE don‚Äôt handle criticism well!,,https://i.redd.it/r1yr1qyrh1c51.jpg,1595262787.0,500,0.98,43,CasualUK,cegsywegs
hunqli,Top artwork on my bike ride today.,,https://i.redd.it/6n30wm45b1c51.jpg,1595260555.0,64,0.92,4,CasualUK,Big_P_Cizzle
hunemv,Bournemouth beach is on fire now,,https://i.redd.it/au51p4wt71c51.jpg,1595259444.0,1466,0.99,184,CasualUK,Shredder1811
hun4rp,A nice bit of British seaside,,https://i.redd.it/ir7xk69251c51.jpg,1595258510.0,129,0.97,6,CasualUK,wherepops
hun42p,The wonders of Marmite are without limit,,https://i.redd.it/x2d4kafv41c51.jpg,1595258446.0,156,0.97,65,CasualUK,Christofferoo
hun2lz,I like the thought of someone taking the bus timetable and keeping it for personal use like an ordinance survey map,[deleted],https://i.imgur.com/2uCzj1J.jpg,1595258314.0,260,0.99,18,CasualUK,[deleted]
humzo2,"First time back here in 7 years, still one of the most epic places I've ever been",,https://i.redd.it/afv6rfdi31c51.jpg,1595258018.0,137,0.98,5,CasualUK,LightSweep
hulom0,"Oxford COVID-19 vaccine successful in trials, can train immune system - BBC News",,https://www.bbc.co.uk/news/uk-53469839,1595253420.0,85,0.92,27,CasualUK,dieyoubastards
hul6od,Corfe castle. Beautiful country and history.,,https://i.redd.it/dw240qc8k0c51.jpg,1595251504.0,225,0.99,17,CasualUK,doctorFlasierCrane
hukre9,"A view from Catbells, Keswick. Looking over Derwentwater.",[deleted],https://i.redd.it/0q0yt6x5f0c51.jpg,1595249799.0,160,0.97,5,CasualUK,[deleted]
huk5np,So this morning I went to the garage.,"The guy starts filling my tyres up so I told him I pumped them up to 44 PSI on Saturday and he was like ""what? 44 is the MAXIMUM read the tyre"" he said they should only be about 34. 

Then he shouts ""Bry! Bry!""....Bry comes over. He goes ""Guess what Bry, shiz bin barncin rarnd on fotty for tyres""

Bry laughs. The first guy then then turns to me and says ""I bet thaz bin barncin all ovver!""

I don‚Äôt mind people laughing at me as long as they do it with this accent.",https://www.reddit.com/r/CasualUK/comments/huk5np/so_this_morning_i_went_to_the_garage/,1595247136.0,87,0.96,26,CasualUK,hippopotamove
hujkcv,"Jorvik Viking Centre in York, the only place where you pay to see actual human faeces...",,https://i.redd.it/3jniyn6byzb51.jpg,1595244139.0,107,0.98,55,CasualUK,[deleted]
hujc3u,Cool branding from a Japanese Knot Weed company..,,https://i.redd.it/lqyzeg5tuzb51.jpg,1595242956.0,117,0.93,15,CasualUK,Blakece
huhwuz,It was still there when we left Asda,,https://i.redd.it/y4sldr1x6zb51.jpg,1595234922.0,193,0.98,36,CasualUK,MoistyMcTasty
huhpuv,Seen in Brighton,,https://i.redd.it/7uvmjusj3zb51.jpg,1595233788.0,11703,0.97,203,CasualUK,rosseepoo
huhmcn,Your destination is on the left,,https://i.redd.it/ceu7fw2v1zb51.jpg,1595233226.0,95,0.92,14,CasualUK,Undercover_Badger
huhcpk,Old Jacob's crackers advert (1981),,https://v.redd.it/ij43kx9ywyb51,1595231657.0,136,0.95,14,CasualUK,[deleted]
huh74n,Gang warfare in Tesco carpark,,https://i.redd.it/008jrrmkuyb51.jpg,1595230769.0,68,0.96,14,CasualUK,TerriblePastry
hugrdu,Spotted this guy having a kip in the tree behind our house this morning.,,https://imgur.com/qrQT7VV,1595228386.0,396,0.98,12,CasualUK,26326312
hugboe,BBC Breakfast loves to get people doing random stuff first thing in the morning.,,https://i.redd.it/o1ggg9qqgyb51.jpg,1595226116.0,148,0.94,12,CasualUK,markhewitt1978
hu9seo,Finally found it in Bournemouth,,https://imgur.com/Fq0XKUY,1595198511.0,58,0.95,5,CasualUK,RodDryfist
hu8vo5,Seven Swans a Swimming in Suffolk ü¶¢ü¶¢ü¶¢ü¶¢ü¶¢ü¶¢ü¶¢,,https://i.redd.it/f8r956fzwvb51.jpg,1595195267.0,84,0.99,11,CasualUK,Ringing_the_changes
hu7qf4,"Rescued a hedgehog, after a trip to the vet, antibiotics, and a few days rest he should be back to exploring the world in no time! üòä",,https://v.redd.it/d52bq0mrjvb51,1595191340.0,314,0.98,29,CasualUK,aqua-seafoam
hu74xp,Just a little side alley off a busy road,,https://i.redd.it/3hcknib7fvb51.jpg,1595189279.0,8272,0.99,155,CasualUK,ukgerry
hu61dk,My German girlfriend made Sunday roast for the first time today. The Yorkshires are homemade since you can‚Äôt buy them here. How did she do?,,https://i.imgur.com/lvKHmMW.jpg,1595185554.0,115,0.95,47,CasualUK,jf-reddit
hu5zu0,Took me a while to work out what the catch was üò≤,[deleted],https://i.redd.it/pfz2706q3vb51.jpg,1595185418.0,65,0.93,26,CasualUK,[deleted]
hu4pgj,"My Pumpkins are really taking off! The grass on the other hand, let's not talk about that",,https://i.redd.it/xp06oeq5rub51.jpg,1595181201.0,148,0.98,20,CasualUK,rxye_
hu42oy,Found a new friend. Say hello to Quirrel.,,https://i.redd.it/h2olltiskub51.jpg,1595179053.0,144,0.99,23,CasualUK,[deleted]
hu38ae,"After yesterdays post got so much attention, here are all of my favourite coins, including Roman, and Edward I - George V. Enjoy! (More photos in comments)",,https://i.redd.it/bouqsfyobub51.jpg,1595175994.0,133,0.97,29,CasualUK,poshjosh1999
hu34uq,"Nice weather for a ramble up to some standing stones - The Devils Den, near Avebury. Very peaceful.",,https://i.redd.it/p566maeeaub51.jpg,1595175656.0,82,0.97,15,CasualUK,mega_ste
hu1qeo,Supermarket apologising for making opening hours more convenient,,https://i.redd.it/96tluor6vtb51.jpg,1595170460.0,136,0.98,11,CasualUK,Babykermit25
hu1jdc,Is it just me or does this cloud look like the UK?,,https://i.redd.it/fr8jddiustb51.jpg,1595169658.0,740,0.95,37,CasualUK,McFlurrage
hu1f1h,Spotted at a national trust park. Nature really is amazing.,,https://i.imgur.com/h5e4M06.jpg,1595169163.0,653,0.99,15,CasualUK,Ask-Me-If-Im-Happy
hu1amz,Grew a pineapple plant from Asda on my windowsill gonna eat this!,,https://i.redd.it/39vugxfuptb51.jpg,1595168680.0,135,0.99,19,CasualUK,Eldeclo
hu19ke,For those who don't know this is a prawn cracker before frying,[deleted],https://i.redd.it/e4bgffplptb51.jpg,1595168569.0,105,0.97,28,CasualUK,[deleted]
hu12zt,Seeing your bank account and having a heart attack is safe than ever,,https://i.redd.it/pjc1xc2dntb51.jpg,1595167830.0,286,0.97,22,CasualUK,guptish
htzbkf,Aldi now sell mini ‚ÄòVienetta‚Äô lollies. Still feels like a treat even as an adult.,,https://i.redd.it/us1b4kh8zsb51.jpg,1595159697.0,253,0.98,48,CasualUK,Fandangojango
htyzsu,Always good advice!,,https://i.redd.it/2jlpxx55usb51.jpg,1595157992.0,138,0.99,6,CasualUK,Makeupreddit
htyxvf,cried more over Gregg tbf,[deleted],https://i.redd.it/9o2qlvvctsb51.jpg,1595157717.0,117,0.94,9,CasualUK,[deleted]
htytyt,Found this happy boi whilst making Sunday Dinner.,,https://i.redd.it/rydask0jrsb51.jpg,1595157104.0,71,0.83,1,CasualUK,ninja-kid123
htyksv,"It's been a stressful week at work, so I popped by here for a wind down...",,https://i.redd.it/ix34r49umsb51.jpg,1595155573.0,275,0.98,10,CasualUK,imperfect_and_tense
htye8n,There are some nice places in Lincolnshire,,https://i.redd.it/7kcipzfmjsb51.jpg,1595154453.0,79,0.93,14,CasualUK,WILLDABEAST145
htyd7x,"Outside Forest Hill Station, it made my day i hope it will make yours.",,https://i.redd.it/yafsy3c4jsb51.jpg,1595154276.0,18974,0.96,243,CasualUK,[deleted]
htwh15,You know it's summer when your Coco pops turn into a bar,,https://i.redd.it/ho3vovnokrb51.jpg,1595142698.0,1871,0.98,76,CasualUK,charlien00b21
htwh0c,What a morning! Not a cloud in the sky!,,https://i.imgur.com/UBmJQfi.jpg,1595142694.0,211,0.98,6,CasualUK,9DAN2
hts46k,"I'm living in Texas and I managed to find chocolate digestives in a store's international aisle. Things are bad here, but at least I got a taste of better times.",,https://imgur.com/8AyyrJZ,1595121668.0,111,0.96,65,CasualUK,AbigailLilac
htr8oa,"Gloucestershire, UK",,https://imgur.com/9b9TLam,1595117990.0,61,0.93,10,CasualUK,Mohawk200x
htqjji,The Slug and Lettuce has gone down hill..,,https://i.redd.it/mspuyl1sapb51.jpg,1595115156.0,82,0.94,13,CasualUK,bermobaron
htpqzy,My nan made this beautiful painting and denies that it belongs in a museum. Lets let her know that its lovely.,[deleted],https://i.redd.it/11q2pvan1pb51.jpg,1595112091.0,222,0.96,17,CasualUK,[deleted]
htplgo,This paramedic in the UK has found an innovative way to communicate with hard of hearing patients while wearing a face mask,[deleted],https://v.redd.it/ni4islj45nb51,1595111510.0,232,0.97,16,CasualUK,[deleted]
htogx1,Looks like one of the Police helicopters had a very long hard night on Friday. What a chopper!,[deleted],https://i.redd.it/iu9pexunnob51.jpg,1595107374.0,78,0.96,5,CasualUK,[deleted]
htogu8,First small trip since lockdown - beautiful Shaftesbury,,https://i.redd.it/3qt2c2zlnob51.jpg,1595107364.0,196,0.97,19,CasualUK,MayaLizTara
htmyi8,BA planes parked in Heathrow. I will miss the 747's.,,https://v.redd.it/wc77kh9rxhb51,1595102028.0,64,0.95,15,CasualUK,Prince100001
htmjf9,"Walk back from the pub. Sussex, UK.",,https://i.redd.it/68v8lbbi3ob51.jpg,1595100606.0,605,0.98,55,CasualUK,[deleted]
htlk6v,I saw a guy getting a blowjob in his car in a Tesco car park today,He was also playing loud obnoxious dance music with the windows down so it was an all-round classy experience.,https://www.reddit.com/r/CasualUK/comments/htlk6v/i_saw_a_guy_getting_a_blowjob_in_his_car_in_a/,1595097230.0,96,0.97,46,CasualUK,SmileyWhiley
htkxql,Fav part of the day is a walk around the pond. Some Egyptian geese today üß°,,https://i.redd.it/wpcm20m0nnb51.jpg,1595095058.0,309,0.99,14,CasualUK,lunar_rs
htkd2v,BA has all their retired 747s lined up by the fence at Heathrow,,https://imgur.com/p5I2sgf,1595093073.0,88,0.95,47,CasualUK,xX420bOnglOrdXx
htj6k1,*tut*,[deleted],https://i.redd.it/s9u3i7ao4nb51.jpg,1595088882.0,251,0.98,24,CasualUK,[deleted]
hrknlv,Just saw this beauty whilst travelling towards colchester today,,https://i.redd.it/xi3ovwltrza51.jpg,1594806133.0,227,0.97,32,CasualUK,NotAnotherAndy
hri9ys,Some editor had a whale of a time with this front cover,,https://i.redd.it/gqg8z0anpya51.jpg,1594793281.0,244,0.98,30,CasualUK,ProDragonToucher
hrfri1,Best use of lockdown - made myself a jumper. Wore it to the pub today!!,,https://i.redd.it/m0ene7fyrxa51.jpg,1594781932.0,10575,0.94,356,CasualUK,scream_schleam
hr8kc0,Birmingham street art,,https://i.redd.it/828n4gopnva51.jpg,1594756308.0,194,0.99,17,CasualUK,Woom_Raider
hr7tu2,The Cathedral - Exeter,,https://i.redd.it/662y5newgva51.jpg,1594754002.0,122,0.95,17,CasualUK,FloralRoseX
hr6pa2,I know The virus is being used as an excuse for all sorts at the minute; but this was a new one!,,https://i.redd.it/tpoygghe6va51.jpg,1594750470.0,405,0.97,160,CasualUK,Mfcarusio
hr5sde,Can‚Äôt think of a clever title but this is nice isn‚Äôt it?,,https://i.imgur.com/QntXjut_d.jpg?maxwidth=640&amp;shape=thumb&amp;fidelity=medium,1594747713.0,1503,0.98,50,CasualUK,zeddoh
hr4x3i,"Dent Lemonade. Asked for 7UP in the chipshop and I thought she said there was only Diet Lemonade. Too ashamed to admit my mistake, too scared to try it.",,https://i.redd.it/xqh7x99upua51.jpg,1594744948.0,192,0.99,67,CasualUK,obtaingoat
hr2kzk,Went camping this weekend and made a biscoff and marshmallow sandwich,,https://i.redd.it/9otkhr1u2ua51.jpg,1594737167.0,181,0.96,20,CasualUK,CallMeCurious
hr1zuq,My mum framed the toasting guide that came with her new toaster,,https://i.redd.it/e3uca0onwta51.jpg,1594735088.0,12681,0.98,737,CasualUK,NurseHolliday
hr0l3a,Just landed next to me in the park,,https://i.redd.it/1bkacitjgta51.jpg,1594729671.0,165,0.96,27,CasualUK,ButcherRamos
hqzaww,The Elizapest Tower is a lot smaller than I remembered,,https://i.redd.it/za3nniipysa51.jpg,1594723677.0,223,0.98,12,CasualUK,leskenobian
hqyz92,Someones been having a laugh in the office toilets,,https://i.redd.it/wnd6tqwdtsa51.jpg,1594721901.0,4736,0.99,58,CasualUK,bian241987
hqyv8o,"I‚Äôm sure these come alive at night üëÄ Glamis Castle, Scotland.",[deleted],https://i.redd.it/p3vixtunrsa51.jpg,1594721300.0,487,0.99,24,CasualUK,[deleted]
ho7ci4,The next Jamie Oliver over here....,,https://i.redd.it/fna9885bav951.jpg,1594315937.0,12741,0.97,332,CasualUK,BEEBLEBROX_INC
hnhtap,I think this porch is writing cheques that the mid-terrace house behind it can‚Äôt cash.,,https://i.redd.it/zvyhmppe6n951.jpg,1594217770.0,21575,0.95,975,CasualUK,ecthelion78
hma7d8,Is it a bird? Is it a plane? No it's...,,https://i.imgur.com/w88Mchu.jpg,1594050926.0,2220,0.99,24,CasualUK,Fishamatician
hlpu9h,My dog asleep earlier,[deleted],https://i.redd.it/ibkpsncuj2951.jpg,1593968044.0,108,0.92,8,CasualUK,[deleted]
hlpjf6,"A booklet from the U.K. home office dated 1938 uncovered from my great grandfathers briefcase, stored alongside his service book.",,https://i.redd.it/dvl3luqng2951.jpg,1593966975.0,410,0.99,30,CasualUK,emi_rivale30
hlaw2o,Classic Chase,,https://v.redd.it/z6wxzcgupw851,1593897456.0,228,0.94,12,CasualUK,CatDeeleysLeftNipple
9e230y,You know you're in the badlands when the bags are security tagged.,,https://i.imgur.com/iGMysHj.jpg,1536386255.0,132,0.99,24,CasualUK,Know_The_Ledge
9e06gk,The store I work in had a break in last night. All they stole was four charity boxes. To whoever you are: you‚Äôre a massive wanker.,,https://www.reddit.com/r/CasualUK/comments/9e06gk/the_store_i_work_in_had_a_break_in_last_night_all/,1536367552.0,74,0.99,8,CasualUK,[deleted]
9dzb35,I took this picture of that flat that‚Äôs kinda scary in Margate but kind of beautiful too,,https://i.redd.it/eq5s6ayp9wk11.jpg,1536360061.0,67,0.94,22,CasualUK,[deleted]
9dz4f3,Does anyone remember those TV program games you got when you pressed the red remote button on Sky or something?,"I was talking to a friend recently who mentioned those old games you'd play on a TV when you press the Red button the tv remote, and the fact he also did that when he was 6 years old or something FUCKED me up. Same with the choc-ice and school bench thing, is this just a nationwide thing that I never talked about or like, wha? Also, if anybody knows how to go back and play any of those games (yeah I know they're shite) then please tell me I need to know, I swear to god. ",https://www.reddit.com/r/CasualUK/comments/9dz4f3/does_anyone_remember_those_tv_program_games_you/,1536358627.0,63,0.96,44,CasualUK,lucky9904
9dz0qm,Mrs. been on holiday for a week and has had an awful day of delayed flights etc. Really wanted to strike a balance here of romanticism and reality.,,https://i.redd.it/ld56zjk23wk11.jpg,1536357819.0,55,0.96,13,CasualUK,Contr_L
9dz0a2,Sound Advice.,,https://i.redd.it/43mxf1is2wk11.jpg,1536357725.0,83,0.89,42,CasualUK,LeedsUntied
9dyarq,When did Chris Evans turn into Colonel Sanders?,,https://i.redd.it/ls5q9brrnvk11.jpg,1536352674.0,238,0.99,79,CasualUK,pooliogeordio
9dy75n,"Roses are red, violets are tender,",,https://i.redd.it/l49g9wzvlvk11.jpg,1536352040.0,6166,0.96,130,CasualUK,RobloxPornAccount
9dxxu9,Does anyone else go past a pub with lights or fairy lights up in the beer garden and automatically think 'that looks a nice place to drink in'?,,https://www.reddit.com/r/CasualUK/comments/9dxxu9/does_anyone_else_go_past_a_pub_with_lights_or/,1536350270.0,68,0.99,14,CasualUK,Sarmerbinlar
9dxfym,You know your somewhere posh when they have drink parings in the menu.,,https://i.redd.it/8xm58vtx6vk11.jpg,1536347015.0,152,0.95,32,CasualUK,redunculuspanda
9dwoiz,On top of the Sugar Loaf in Monmouthshire.,,https://i.redd.it/yij2mhvisuk11.jpg,1536342184.0,66,0.94,13,CasualUK,paranoid-darksoul
9dwc1z,Sign at my local chippy,,https://i.redd.it/8a6ungg0muk11.jpg,1536339980.0,65,0.89,31,CasualUK,DINO_S0RE
9dw1ia,Found this nice thing near a surgery in Norwich,[deleted],https://i.imgur.com/decK8Rp.jpg,1536338143.0,52,0.97,7,CasualUK,[deleted]
9dvxlv,Last time it was drizzly and dark and this time sunny and bright - taken a few weeks ago,,https://i.redd.it/2qswqypieuk11.jpg,1536337456.0,49,0.94,10,CasualUK,DrMaxMonkey
9dv6dk,Found in gorleston,,https://i.redd.it/xyimo30yztk11.jpg,1536332553.0,75,0.95,32,CasualUK,darkice17
9dugzh,Don't want to brag but my local public toilets were highly commended in 96/97,,https://imgur.com/G28hZLX,1536327888.0,720,1.0,60,CasualUK,TheDoctor66
9due8y,I‚Äôve taken the hit guys and tested this microwaveable (from) frozen breakfast wrap from Tesco so you don‚Äôt have to,,https://i.redd.it/a3xy30cbktk11.jpg,1536327298.0,153,0.95,105,CasualUK,Old-Blighty
9du0f8,Please warn elderly relatives of BT scam,"Mum got a call from 'BT' said there was a problem with her internet speed and got her to sit at computer, managed to get her into configuration then took over the computer.  Just posting so you can remind your Mum or Nan not to trust unsolicited phone calls.",https://www.reddit.com/r/CasualUK/comments/9du0f8/please_warn_elderly_relatives_of_bt_scam/,1536324537.0,83,0.94,64,CasualUK,_tothemoon2
9dtg6p,Saw this in r/todayilearned. Gave me a good laugh.,[deleted],http://i.imgur.com/PNaHvj1.jpg,1536319678.0,123,0.95,9,CasualUK,[deleted]
9dtfwr,I assume they mean some other type of Rover..,,https://i.redd.it/a1pzljffxsk11.png,1536319608.0,775,0.97,142,CasualUK,ajehals
9dt1v0,God bless my mum for keeping these 1980s Fisher Price sets.,,https://i.redd.it/eu8sc357nsk11.jpg,1536316228.0,4559,0.97,149,CasualUK,mrsfran
9dt1ai,Britain‚Äôs ideal Sunday roast,,https://yougov.co.uk/news/2018/09/07/revealed-britains-ideal-sunday-roast/?utm_source=website_article&amp;utm_medium=twitter&amp;utm_campaign=sunday_roast,1536316076.0,50,0.9,133,CasualUK,Muck777
9dsgk7,Sainsburys selling Hannibal Lectors favourite snacks,[deleted],https://i.redd.it/asww01037sk11.jpg,1536310753.0,128,0.94,10,CasualUK,[deleted]
9dset0,"No luck catching them emus, then",,https://i.redd.it/guyff16r5sk11.png,1536310293.0,751,0.99,36,CasualUK,cocaineandcigarettes
9ds74q,"Weekly Pub Quiz #54: featuring terrible things celebrities call their kids and some deadly food. Answers in comments, and I hope you enjoy the quiz!",,https://imgur.com/a/5WyDNJe,1536308044.0,51,0.93,62,CasualUK,Kerigorrical
9ds74g,Fred looking pretty special this morning,,https://i.redd.it/szkl5h6vyrk11.jpg,1536308041.0,189,0.95,20,CasualUK,simo1863
9dry51,"NSFW, babes of the Argos catalogue",,http://www.retrospace.org/2015/04/catalogs-38-argos-catalogue-babes-1978.html?m=1,1536305292.0,89,0.93,33,CasualUK,PM_ME_AMAZON_VOUCHER
9drwbq,Good Morning Britain,,https://i.redd.it/9g5w6hajgqk11.jpg,1536304736.0,757,0.94,67,CasualUK,Cooksdev-97
9drw73,The very old OS map that mum highlights her dog walks onto.,[deleted],https://i.redd.it/sa7frkj3prk11.jpg,1536304696.0,395,0.96,81,CasualUK,[deleted]
9dq0mv,Nuneaton‚Äôs answer to repeated Traveller camps,,https://i.redd.it/v00k6ig7bqk11.jpg,1536287913.0,71,0.96,1,CasualUK,FuckYouGandy
9dopb3,Chocolate thought to be extinct found alive and well in New Zealand,[deleted],https://imgur.com/mXSF6M7,1536278566.0,218,0.97,27,CasualUK,[deleted]
9dnhql,Marathon update: The ¬£500 goal has been reached!,"Amazingly, you lovely folk and some ITFC/NCFC fans on twitter have managed to raise ¬£335 in little over 24 hours.

Really thank you so much to anyone who has donated or wished me well, it has brought tears to my mother's eye in what was a very troubling week.

I have gotten in touch with Norwich to see if they will donate a shirt and I will proudly display ""CasualUK"" on the back cause you're all stars.

Have an extra digestive/beer/cup of tea on me, you are all lovely people x",https://www.reddit.com/r/CasualUK/comments/9dnhql/marathon_update_the_500_goal_has_been_reached/,1536270455.0,46,0.85,9,CasualUK,SamCooper07
9dmoyx,"I joked with the reception desk about them putting biscuits with the tea and coffee in my room, came back to this. LEGENDS.",,https://i.redd.it/kb7i57rrgok11.jpg,1536265580.0,853,0.98,82,CasualUK,DeadYen
9dm9oa,We all drew one of these back in the day,,https://i.redd.it/l6okemea9ok11.jpg,1536263054.0,5262,0.96,53,CasualUK,welshie123
9dm697,A bag for life.,,https://i.imgur.com/Wm8ZJHZ.jpg,1536262490.0,396,0.99,12,CasualUK,MrJoeKing
9dlxo6,Store brought humour at its finest,,https://i.redd.it/78zbowua3ok11.jpg,1536261044.0,144,0.98,13,CasualUK,[deleted]
9dlcnw,Should we inform the Orchestra?,,https://imgur.com/223grfO,1536257538.0,64,0.98,7,CasualUK,AntiquatedObsolete
9dl58o,If you‚Äôre driving right now... get off your bloody phone!,"Walking the dog and every bloody person who drives past is on their phones, wtf!",https://www.reddit.com/r/CasualUK/comments/9dl58o/if_youre_driving_right_now_get_off_your_bloody/,1536256390.0,135,0.94,51,CasualUK,fgsk
9dkwve,Excellent career opportunity.,,https://imgur.com/1GN6pgk.jpg,1536255059.0,119,0.98,6,CasualUK,DevilmouseUK
9dkmqw,Not sure if a crosspost is allowed but this is hilarious... originally on PublicFreakout,,https://m.youtube.com/watch?v=OwGnfgA0G9k&amp;feature=youtu.be,1536253409.0,89,0.98,13,CasualUK,ireallylovemydogand
9dk7ch,Some quality British chat in Morocco,,https://i.redd.it/5wr73kke8nk11.jpg,1536250802.0,100,0.99,11,CasualUK,Greenwich-Leeds-Time
9dk0uq,After the driest ever (?) summer Surrey is green(ish) again,,https://i.redd.it/c5iaq2z35nk11.png,1536249684.0,182,0.98,11,CasualUK,flyhighsometimes
9djsid,Bought in 1993 from HMV. Still shrink wrapped.,,https://imgur.com/gxJsfF6,1536248231.0,80,0.92,24,CasualUK,RibboCG
9djf31,Britain chicken nugget,,https://i.imgur.com/Uu64bbD.jpg,1536245853.0,147,0.91,18,CasualUK,Dasnap
9die1z,***free*** Anybody want a single room in a four star Durham hotel tomorrow night?,"Thought I needed the room but now I don't. Never stayed at this place before so couldn't vouch for it but it cost ¬£85 so it probably isn't total shit. Can't get a cancellation. Free to whoever wants it although if you wanted to give the Greyhound Trust a tenner or something, that would be cool. 

PM for details.

_______
As of midnight, the room is still available.

I'm going bed now. Looks like the room will be going empty but will check PMs when I get up (probably around nine-ish) just in case. Thanks to all for upvoting this sufficiently enough for the offer to have been given a chance. ",https://www.reddit.com/r/CasualUK/comments/9die1z/free_anybody_want_a_single_room_in_a_four_star/,1536239337.0,133,0.99,23,CasualUK,Kotkijet
9dhepw,"O2, are you trying to kill me? That doesn't sound like good advice",,https://i.imgur.com/3J7fj4K.jpg,1536232042.0,298,0.99,10,CasualUK,monkeyboyhero
9dhbld,Bumped into this guy during a trail ultra marathon in Dorset. He was walking along through a farmers field. I guess he's been homeless since the close of Blobbyland.,,https://i.redd.it/4vq8lipnmlk11.jpg,1536231320.0,86,0.95,14,CasualUK,simev
9dh8ts,[OC] Air ambulance taking off in the park that backs onto my garden.,[deleted],https://v.redd.it/f62lb7rkklk11,1536230660.0,72,0.96,23,CasualUK,[deleted]
9dgnif,The best office wide email - how to properly use a toilet.,[deleted],https://i.redd.it/uavngw4l4lk11.png,1536225206.0,88,0.98,77,CasualUK,[deleted]
9dgl8y,I‚Äôve always thought my neighbour was slightly odd‚Ä¶,,https://i.redd.it/8vsbl9oz2lk11.jpg,1536224620.0,62,0.96,2,CasualUK,stayfreshcheesebags
9dgkm5,"This is what happens when you abandon a Henry hover, they turn to a life of non-bio wash power.",,https://v.redd.it/ovhinph52lk11,1536224463.0,94,0.9,17,CasualUK,zxnx3
9dgjuq,Discuss?,[deleted],https://i.imgur.com/dPovcXL.jpg,1536224232.0,64,0.81,98,CasualUK,[deleted]
9dgim9,The estate I'm in today is so posh the police were called to me standing in a hoody.,"Watching the gas guys do their thing after a leak, but this neighbourhood is so posh a member of the constabulary had to come down and see what we were up to especially because i was suspicious!

We're all in well logo'd cars but I'm wearing a hoody so we're obviously casing the place.

Edit: it's raining but now all the neighbours need to stand in their gardens. Not to watch us or anything just, you know, gardening in the rain.

Edit: My boss just called me to say the neighbours have reported one of our company cars ""skulking about"" I'm just sitting in it in front of the house ¬Ø\\_(„ÉÑ)_/¬Ø",https://www.reddit.com/r/CasualUK/comments/9dgim9/the_estate_im_in_today_is_so_posh_the_police_were/,1536223879.0,191,0.98,56,CasualUK,[deleted]
9dghry,"No one vandalized our Tour de Britain bicycle, it was just put in the wrong place",,https://i.imgur.com/pw5Ew7x.png,1536223632.0,428,0.99,24,CasualUK,Glurt
9dgbn7,Am I the last person in the UK to realise this?,"I was just listening to a feature on Radio 4 about the 100th anniversary of the formation of the Flying Squad.

They made a few references to The Sweeney, but they didn't mention this, and it's *only just occurred to me....*

The Sweeney

Sweeney Todd

Flying Squad

&amp;#x200B;

It's rhyming slang. Duhhhh.",https://www.reddit.com/r/CasualUK/comments/9dgbn7/am_i_the_last_person_in_the_uk_to_realise_this/,1536221909.0,132,0.98,62,CasualUK,pub_gak
9dfxae,Ewe gotta be kidding me,,https://i.redd.it/5hw4fjgujkk11.jpg,1536218191.0,55,0.91,9,CasualUK,godhatessonny
9dfhll,"In honour of week 2 of Great British Bake Off, chocolate cake with dark chocolate ganache. First time making ganache, went down a treat.",,https://i.redd.it/vj46q8xe8kk11.jpg,1536214333.0,396,0.96,44,CasualUK,HappyMel
9dfg1g,You lot really are a different breed in Nottingham,,https://i.imgur.com/eh42SL2.jpg,1536213933.0,236,0.93,82,CasualUK,ffsneedaname
9dfegt,Why do they join teabags in pairs?,,https://i.redd.it/847we8f36kk11.jpg,1536213556.0,217,0.96,47,CasualUK,[deleted]
9dbsnh,Can we have houses on this sub like we had at school so we can get house points?,I only got one housepoint in secondary school. I want more. I also wanna be a prefect :(,https://www.reddit.com/r/CasualUK/comments/9dbsnh/can_we_have_houses_on_this_sub_like_we_had_at/,1536186725.0,84,0.9,130,CasualUK,lfYouReadThisYourGay
9db6i4,found this in Birmingham...,,https://i.redd.it/vics6w1smhk11.jpg,1536182850.0,61,0.94,24,CasualUK,rw43
9darfd,"Pushed the boat out for tonight‚Äôs dinner, lads.",,https://i.imgur.com/r25Kgx6.jpg,1536180279.0,80,0.91,32,CasualUK,vaskemaskine
9da92y,Tesco have the right idea for parents whose kids are back in school now!,,https://i.redd.it/xdlvywk06hk11.jpg,1536177215.0,221,0.96,18,CasualUK,FixerOfKah73
9d9uo2,Amazon back at it again. Real subtle lads.,,https://i.redd.it/f5p8nuxsygk11.jpg,1536174787.0,66,0.94,21,CasualUK,Marcooose
9d9uaj,"Perfect Timing, This Joker Made The News. [XPost r/Madlads]",,https://i.redd.it/8r3kqtypwgk11.gif,1536174728.0,125,0.99,9,CasualUK,AllThatIISayIsTrue
9d8sf8,"Sorry, Sainsburys, but this makes it sound even more like it‚Äôs tap water",,https://i.redd.it/h1dhjpsofgk11.jpg,1536168419.0,1069,0.99,86,CasualUK,manysmalldogs
9d8epu,I'm an Ipswich Town fan who has pledged to run the Manchester Marathon in a Norwich shirt if I can raise ¬£500 for Alzheimer's Society,,https://www.justgiving.com/fundraising/samvsdementia,1536166125.0,196,0.93,59,CasualUK,SamCooper07
9d8366,Someone's had a bad day in work.,[deleted],http://i.imgur.com/t8O1tIM.jpg,1536164177.0,68,0.97,15,CasualUK,[deleted]
9d8355,No more sharing one glass at my local anymore,,https://i.imgur.com/QQU768P.jpg,1536164173.0,950,0.99,86,CasualUK,Tyfui
9d80j0,May have just cleaned out the corner shop's supply of old recipe coco pops,,https://imgur.com/TCpXhua,1536163725.0,76,0.93,38,CasualUK,adamlc
9d7ju9,"Found the ""South London Rocks"" on a walk through the forest today, and fully intend on hiding 'em for the next person to find. They say ""photo your find to Facebook"", but I don't have Facebook, so here you go, /r/CasualUK.",,https://i.redd.it/i29kecoctfk11.jpg,1536160959.0,59,0.93,12,CasualUK,fennric
9d7823,This passive aggressive note in my daughter's lunchbox today. Back to school indeed.,,https://i.redd.it/brlv3jf9nfk11.jpg,1536158800.0,146,0.94,169,CasualUK,mrsthompsoon
9d76r7,A relic of all British vehicles. True veterans will have 3 metres of tape applied,,https://i.imgur.com/nWTmlUd.jpg,1536158565.0,345,0.99,67,CasualUK,VariousWinter
9d72dn,4th time lucky...,,https://i.imgur.com/mCgjoox.jpg,1536157737.0,87,0.83,36,CasualUK,wilbo-swaggins
9d6rlb,Seen on the side of an Innocent Super Smoothie - Not quite sure how to feel about it...,,https://i.imgur.com/eHXfnpp.jpg,1536155708.0,57,0.91,15,CasualUK,N3V4N5
9d6g0b,British woman uses the strongest words she knows to insult a man who walked in front of the Tour of Britain,[deleted],https://v.redd.it/ufk0802p6fk11,1536153415.0,54,0.91,8,CasualUK,[deleted]
9d5ynq,I got a conjoined frazzles packet from a multipack,,https://i.redd.it/i19lj8vrwek11.jpg,1536149902.0,103,0.97,15,CasualUK,Master_baker_est97
9d5u1f,"""My parents have a neighbour that is obsessed with my mom"".",[deleted],https://i.redd.it/bhyanktgtzj11.jpg,1536148965.0,97,0.93,31,CasualUK,[deleted]
9d5rc4,Ancient hieroglyphs spotted in West Brom.,,https://i.redd.it/5y7znyr5sek11.jpg,1536148343.0,271,0.97,55,CasualUK,[deleted]
9d5lur,An ambulance crew that was forced to block a driveway while on a call out returned to find a ¬£10 note on their vehicle's windscreen.,[deleted],https://www.bbc.co.uk/news/uk-england-kent-45418196,1536147112.0,47,0.85,13,CasualUK,[deleted]
9d5i4l,"Marketed as Japanese, sold in South Korea, born in British flour. Godspeed, Fred.",,https://i.imgur.com/gskM3hA.jpg,1536146207.0,124,0.99,18,CasualUK,--dawg
9d5b60,Why do some people find it so difficult to understand how trolleys work?,,https://i.redd.it/4nrnwjtwgek11.jpg,1536144556.0,190,0.98,31,CasualUK,AinsleysMeat
9d5b3j,"My personal handwritten letter from my SO arrived today like this. Second class, went through Sheffield mail centre. Nothing in it other than a card luckily - be careful with what you post.",[deleted],https://i.redd.it/jnbubf1pgek11.jpg,1536144544.0,98,0.98,43,CasualUK,[deleted]
9d5745,BBC Presenter Rachel Bland dies at 40,[BBC presenter Rachael Bland dies at 40](http://www.bbc.co.uk/news/entertainment-arts-45410652),https://www.reddit.com/r/CasualUK/comments/9d5745/bbc_presenter_rachel_bland_dies_at_40/,1536143552.0,60,0.88,22,CasualUK,ultramossbros
9d4u3o,I didn‚Äôt know he was ill...,,http://imgur.com/ickML1Z,1536140111.0,74,0.88,4,CasualUK,ThistlewickVII
9d4rgn,"Heartbreak is paying for your train ticket, only for nobody to check it, and then seeing the ticket barriers open at the station.","I feel hurt.    My emotions, my bank account.. screaming. 

**Edit:** lmao omg.  I always, **ALWAYS**, pay for my train tickets.   Do I agree with our extortionate prices?  Hell no! I wouldn‚Äôt have an issue with it if the tickets weren‚Äôt stupidly expensive, since the trains in this country are terribly unreliable, often dirty and just.. well.    Compared to other European nations like France and Germany who sell tickets at a fraction of the price for a more efficient and clean service, our prices are a joke for the service we actually receive.   Pls don‚Äôt come for me.  I‚Äôm a good citizen, honest. 

But can we please adopt the S-Bahn?   Please, please?",https://www.reddit.com/r/CasualUK/comments/9d4rgn/heartbreak_is_paying_for_your_train_ticket_only/,1536139323.0,778,0.96,152,CasualUK,eyetalker
9d4qua,"My daughter can't say ""coconut""",,https://youtu.be/uEYmszMNYis,1536139124.0,273,0.96,68,CasualUK,Minky_Dave_the_Giant
9d4gib,"Well, that‚Äôs quite the offer for ¬£123,456",,https://i.redd.it/a1ixyhwkrdk11.jpg,1536136074.0,85,0.96,17,CasualUK,neenoonee
9d0hq5,Can't argue with that kind of logic,[deleted],https://i.redd.it/je09u4izuak11.png,1536100855.0,216,0.98,32,CasualUK,[deleted]
9d0aoz,I don‚Äôt think that is correct Nando‚Äôs app,,https://i.redd.it/e14i49ufqak11.jpg,1536099325.0,74,0.96,16,CasualUK,Chevrolution
9d06wi,I just made a 'waffle wall' to stop the spaghetti juice getting to my fish fingers. It worked a treat.,,https://i.imgur.com/yLQ4rM1.jpg,1536098539.0,134,0.93,53,CasualUK,TopTrumpWANKER
9czkdw,"Seen at St Pancras underground, definitely made me smile after a long day at work!",,https://i.redd.it/5xe7nq2qaak11.jpg,1536094040.0,449,0.98,43,CasualUK,Tomorixo
9cyhg5,"Meanwhile, in St Albania...",,https://i.redd.it/2drmrn2io9k11.jpg,1536086569.0,69,0.97,4,CasualUK,alexgreyhead
9cya97,Good deal - what's the catch?,,https://i.imgur.com/saZbbaU.jpg,1536085186.0,77,0.96,9,CasualUK,shiningw1t
9cy9o0,Bake Off Week Two 4/9/18 - Cake Week!,"Good evening and welcome to Bake Off's second episode live thread. This week is Cake Week, controversially (kinda) bumped from its usual week one slot. Speaking of week one, here's a quick recap;

Terry quickly became the sub favourite with a delightfully inept performance before pulling it out of the bag with some sort of Van Gogh inspired/Norman Bates ""selfie portrait"" made out of biscuit, keeping him in by a whisker. That meant we sadly had to say goodbye to Imelda. Bye Imedla! Ruby clung on by her fingertips, too. A repeat performance from either Big Tel or Ruby could see them on shaky ground.

In more positive news, Manon delivered some French quality early on, with some stylish and apparently tasty bakes making her the first Star Baker. Briony, Dan and Antony had some strong rounds and look like early pace setters alongside Manon.

Special mention to Karen - I wonder what crisps she'll whip out this week?

**Our hosts**

[Noel Fielding](https://i.imgur.com/HvX8ajb.jpg) and [Sandi Toksvig](http://sanditoksvig.com/wp-content/uploads/2013/06/Portsmouth.jpg) are in charge of proceedings, with [Paul Hollywood](https://i.imgur.com/hfRQLFf.jpg) and [Prue Leith](https://www.thesun.co.uk/wp-content/uploads/2017/10/lb-comp-prue-v3.jpg?strip=all&amp;quality=100&amp;w=750&amp;h=500&amp;crop=1) delivering withering put downs and assessments of a bunch of amateurs attempts at professional level baking. The bastards.



Name | Star Baker Count | Week Out
---|---|----
Jon, 47 | 0 | -
Kim-Joy, 27 | 0 | -
Rahul, 30 | 0 | -
Antony, 30 | 0 | -
Karen, 60 | 0 | -
Ruby, 29 | 0 | -
Luke, 30 | 0 | -
Manon, 26 | 1 | -
Briony, 33 | 0 | -
~~Imelda, 33~~ | 0 | Week 1
Terry, 56, 47 | 0 | -
Dan, 36 | 0 | -
",https://www.reddit.com/r/CasualUK/comments/9cy9o0/bake_off_week_two_4918_cake_week/,1536085068.0,55,0.97,356,CasualUK,jptoc
9cxzf8,"Scotland, you beautiful mad bastards",,https://i.redd.it/aqv7am7ie9k11.jpg,1536083209.0,188,0.97,50,CasualUK,rthunderbird1997
9cxye0,Another of the four horsemen spotted in Southampton,,https://i.imgur.com/QvQk3ek.jpg,1536083042.0,48,0.93,9,CasualUK,call_me_cookie
9cxn7f,I got followed by some sheepses today,,https://i.redd.it/zigr5c1q79k11.jpg,1536081015.0,153,0.99,21,CasualUK,vbloke
9cxgcb,"Ilfracombe residents shocked to find that recently erected hill artwork, commemorating the Tour of England Devon stage, has been vandalised - into a giant cock and bollocks.",,https://i.imgur.com/FsuDkN0.jpg,1536079873.0,12107,0.97,295,CasualUK,ShowbieJuan
9cxadj,My niece captured this video of a rat trying to reach the bird table.,,https://v.redd.it/iyphl7wn09k11,1536078907.0,1033,0.99,61,CasualUK,Ser_Danksalot
9cwtdc,Louth has hit its comedy quota for the month already.,,https://i.redd.it/5cao5052t8k11.jpg,1536075993.0,64,0.93,16,CasualUK,passthehotsource
9cwb19,Some photos I took in my 2-week visit to a Cornish shipyard..,,https://imgur.com/a/lJFX9,1536072662.0,95,0.99,25,CasualUK,5_Frog_Margin
9cvt13,Not sure if this counts as ¬£2 anymore...,,https://i.redd.it/exbo5n5t88k11.jpg,1536069183.0,203,0.98,36,CasualUK,Jordanbvb09
9cvbvw,You've been given 1 square metre in the middle of London and an unlimited budget to annoy as many people as possible. What do you build?,[deleted],https://www.reddit.com/r/CasualUK/comments/9cvbvw/youve_been_given_1_square_metre_in_the_middle_of/,1536065642.0,55,0.94,154,CasualUK,[deleted]
9cv4wu,Eloquent view from work this morn in bristol,,https://imgur.com/XBgxBXc.jpg,1536064079.0,523,1.0,53,CasualUK,photosoflife
9cum4g,Surely the longest straight stretch of A road? I present the B6318.,,https://i.redd.it/nyr7y895f7k11.jpg,1536059217.0,68,0.9,38,CasualUK,Holweg
9cu9fh,**BISCUIT FUN FACT KLAXON** Bourbon Biscuits were the first biscuit on the moon,"&gt;Bourbon Creams were the first biscuit to be eaten on the moon. Edwin ""Buzz"" Aldrin took a packet of Bourbon Creams with him for the journey, and ate the last one whilst stood on the surface of the moon whilst a dejected Neil Armstrong was still trying to extracate his Rich Tea biscuits from his spacesuit pocket.

‚Äã

I was also going to post some fun facts about how the Bourbon came into existence... However a quick google has brought up two separate origin stories. So pick and believe whichever one you prefer:

‚Äã

# Option 1 ([biscuitpeople.com](https://biscuitpeople.com))

&amp;#x200B;

&gt;The Bourbon may be a popular biscuit delicacy but the treat was actually invented by a German ‚Äì Dr. Hans Zehnloch in the 1930, while working for Cadbury‚Äôs R&amp;D department. The professor came up with a trademark on the biscuit whereby each would bear 10 holes; drawing from the fact that Zehnloch literally translates into ‚Äô10 holes‚Äô. On to where the term Bourbon actually came from, it is a contraction of their place of invention ‚Äì BOURnville and professor Zehnloch‚Äôs hometown ‚Äì BONn. As a result, the biscuits were originally known as Bourbonn creams, but the second ‚Äòn‚Äô was dropped in 1963 and so the biscuit came to be known simply as Bourbon.

‚Äã

# Option 2 (Wikipedia)

&amp;#x200B;

&gt;The biscuit was introduced in 1910 (originally under the name ""Creola"") by the biscuit company Peek Freans, of Bermondsey, London, originator of the Garibaldi biscuit. The new name was taken from the European royal House of Bourbon.

‚Äã

# References

&amp;#x200B;

[https://www.biscuitpeople.com/magazine/post/bourbon-biscuit](https://www.biscuitpeople.com/magazine/post/bourbon-biscuit)

[https://en.wikipedia.org/wiki/Bourbon\_biscuit](https://en.wikipedia.org/wiki/Bourbon_biscuit)

[https://www.flickr.com/groups/58428611@N00/discuss/72157594476846359/](https://www.flickr.com/groups/58428611@N00/discuss/72157594476846359/)

‚Äã

‚Äã",https://www.reddit.com/r/CasualUK/comments/9cu9fh/biscuit_fun_fact_klaxon_bourbon_biscuits_were_the/,1536055543.0,97,0.97,18,CasualUK,ed_menac
9ctyiw,Gutted when you leave your toilet doughnuts behind,,https://i.redd.it/wcym10fbu6k11.jpg,1536052226.0,107,0.98,22,CasualUK,idlewildgirl
9cts1q,"A little family, spotted in Ambleside, Lake District",,https://i.redd.it/o4q0w478o6k11.jpg,1536050158.0,227,0.98,16,CasualUK,icycld
9ctrkv,Avoid Brookside Gardens when leaving the station,,https://i.redd.it/gyqxfpnhn6k11.jpg,1536050007.0,734,0.99,34,CasualUK,DrewBk
9ctq17,Spotted on M62 - someone must recognise this guy?,,https://i.redd.it/cxny5qd7m6k11.jpg,1536049486.0,117,0.97,44,CasualUK,scribble23
9cterx,This is the most Northern thing I‚Äôve seen all month,,https://i.redd.it/tdgezc5vb6k11.jpg,1536045999.0,167,0.95,46,CasualUK,WolfHackles
9ct8p8,"My local pub decided to convert a phone box to a defibrillator too, but with the addition of a mini library!",,https://i.imgur.com/Vn1THot.jpg,1536044253.0,5582,0.96,230,CasualUK,DasBeerBooty
9ct4n5,Seems a tad extreme,,https://i.redd.it/m5yd9l2x26k11.jpg,1536042989.0,237,0.95,31,CasualUK,jdrawmer
9csvty,My Maltesers melted together into a mega-malteser,,https://imgur.com/abDtW63,1536040346.0,564,0.95,51,CasualUK,stebsteb
9cpwrd,Poundland have no sense of neighbourliness,,https://i.imgur.com/UUQezO6.jpg,1536014030.0,426,0.99,52,CasualUK,kenbw2
9cpn1d,Historic television,,https://v.redd.it/8bt0zx72s1k11,1536011866.0,169,0.97,15,CasualUK,zhenzhen95
9cpi3l,What a cracking use of an old phone box! (Blackpool),,https://i.redd.it/28vrp8y6f3k11.jpg,1536010797.0,168,0.94,34,CasualUK,notenoughritalin
9cpbnn,"Really, Nottingham Post editors?",,https://i.imgur.com/tMashNF.jpg,1536009462.0,196,0.99,17,CasualUK,spicerldn
9col7s,The days been long enough and then you have to try and remember which email and password sequence it was to use this bullshit because your out of date ps3 decides it needs an update. No wonder people 'illegally' stream something when it's so much less ball aching than the free service provided,[deleted],https://i.redd.it/qfhnvgfdv2k11.jpg,1536004132.0,74,0.9,14,CasualUK,[deleted]
9co96e,Looks like BBC must browse Casual UK,,https://www.bbc.co.uk/news/uk-england-cornwall-45401354,1536001733.0,114,0.95,40,CasualUK,thisiscotty
9cnnbn,Massacre in Poundland,,https://i.redd.it/da2t09rnb2k11.jpg,1535997504.0,96,0.98,20,CasualUK,Boom_in_my_room
9cnmhp,Saw a Volvo XCstential on the way home from work,,https://i.redd.it/doh0o5r5b2k11.jpg,1535997338.0,64,0.93,6,CasualUK,HarryGoLocky
9cnlj5,Yodel are actually the worst,,https://i.redd.it/ngcgbs6ma2k11.jpg,1535997148.0,1160,0.98,155,CasualUK,Tonkse
9cnhyl,"Lovely marsh mist in Suffolk this morning, 6am",,https://i.redd.it/nq0b8mqk82k11.jpg,1535996470.0,350,0.99,35,CasualUK,sivvus
9cn7nz,Talk about a happy ending,,https://i.redd.it/7peoyyp0ewj11.jpg,1535994512.0,179,0.97,9,CasualUK,MyPetHamster
9cmxgq,I fell asleep on the train,"Missed my stop. Now I‚Äôm nearly at Coventry. 

Fuck today. 

Fuck it. 

EDIT: took 3 hours to get home. Usually an hour. ",https://www.reddit.com/r/CasualUK/comments/9cmxgq/i_fell_asleep_on_the_train/,1535992537.0,225,0.98,114,CasualUK,millsytime
9cmuzz,"If anybody says British people have no culture, just show them this.",,https://youtu.be/C3Xu1jUIE14,1535992057.0,133,0.97,30,CasualUK,DreamPotatoes
9clnkd,PSA: The mods are banning Christmas! (Until Monday 26 November),"There has been an influx of Christmas related posts but these will be removed before 26 November (and I bloody love Christmas).  
 
I know some of you may say you'd rather 1 December but like a milking stool, our argument rests on three legs.
 
- Monday 26 November means we can start talk about the build up to Christmas. For example, what advent calendar everyone is getting. Too late on 1 December, the advent calendars have already been bought. 
 
- The shops will have already had their stock up for ages, so you can all stop posting ""Tesco have their Christmas stock up"" posts.

- Only morons and men leave Christmas shopping *until* Christmas. End of November we can talk about prospective gifts, holidays and other stuff.. What advent calendar everyone is getting, what pressies are you buying, are you going away for the holidays, or just general chat about how you can't want to get your lips round a dry old bird and some spuds. 
 
Thank you for your understanding!",https://www.reddit.com/r/CasualUK/comments/9clnkd/psa_the_mods_are_banning_christmas_until_monday/,1535982917.0,461,0.97,137,CasualUK,BigBeanMarketing
9cky7d,Spotted eastbound on the M4 near reading,[deleted],https://i.redd.it/ass9epjj5zj11.jpg,1535976398.0,1779,0.98,56,CasualUK,[deleted]
9cksmd,My dyslexic mate has just got back off holiday.,,https://i.redd.it/9lomh7u7g0k11.jpg,1535974818.0,400,0.97,75,CasualUK,jaarn
9ck3of,SPOTTED: Her Maj in Oldham,,https://i.redd.it/vdpq92xptzj11.jpg,1535967254.0,131,0.89,22,CasualUK,sam_toni_katie
9cjwfg,My local Spar is still affected by CO2 shortages.,,https://i.redd.it/t7jp0crhmzj11.jpg,1535964890.0,95,0.93,47,CasualUK,chipsandgraavy
9cjlpc,Nice try Uber driver.,[deleted],https://i.redd.it/uyqo7yoibzj11.jpg,1535961134.0,237,0.98,161,CasualUK,[deleted]
9cjgej,"PSA- The Police are starting roadside eye tests, fail &amp; you'll lose your license there and then. Wear your specs if you need them people!",,https://www.theguardian.com/uk-news/2018/sep/03/police-launch-crackdown-on-drivers-with-poor-vision,1535959502.0,200,0.96,130,CasualUK,MarkEasty
9cjgd2,Saw me first conker just now on the way to work.,"It's HAPPENING, autumn is here!!",https://www.reddit.com/r/CasualUK/comments/9cjgd2/saw_me_first_conker_just_now_on_the_way_to_work/,1535959491.0,56,0.89,15,CasualUK,ZWE_Punchline
9cjepb,Great news! ‚ÄúChris Evans to leave Radio 2 breakfast show‚Äù,,http://www.bbc.co.uk/news/entertainment-arts-45394576,1535958981.0,7704,0.89,1341,CasualUK,04housemat
9cjayn,In Tesco yesterday and this card was lined up to the old sticker and looks like the cover on the sex pistols album cover.,,https://i.redd.it/3lztwoow1zj11.jpg,1535957899.0,396,0.97,9,CasualUK,simonb3516
9cj2mj,TIL that on a good day you can see France from Dover,and on a perfect day you can't,https://www.reddit.com/r/CasualUK/comments/9cj2mj/til_that_on_a_good_day_you_can_see_france_from/,1535955449.0,745,0.97,86,CasualUK,HarryGoLocky
9chtas,Interesring early commuter...,,https://i.redd.it/pa0mmd03txj11.jpg,1535942836.0,271,0.97,24,CasualUK,akipamike
9cfzlt,The impossible has been done... again,,https://i.imgur.com/9xBAjbe.jpg,1535926097.0,59,0.9,12,CasualUK,P__A
9cftju,My favourite local Chinese has changed owners and gone down hill so currently in search for a new one. This place sticks out.,,https://i.imgur.com/uQOTwTl.jpg,1535924703.0,218,0.98,56,CasualUK,9DAN2
9cex1q,Absolute gem of a pun in the parish magazine this month,,https://i.redd.it/96837ghrpvj11.jpg,1535917503.0,92,0.95,11,CasualUK,myothercatsabus
9cee5b,My lass has a Mr Flibbles,,https://i.imgur.com/2JugguM.jpg,1535913505.0,334,0.97,41,CasualUK,liquidtoon
9ce2dx,Bangers and Mash,,https://i.redd.it/4o4mmoml6vj11.jpg,1535911051.0,1355,0.93,47,CasualUK,ScaryChicken
9cdsdx,Safe Zones / Danger Zones [July 2100],,https://i.redd.it/2ue4n2bh0vj11.jpg,1535908993.0,104,0.93,105,CasualUK,IT-IS-AS-IF
9cdgw1,Came home from Uni for the weekend and was greeted by homemade Jaffas üò©,,https://i.imgur.com/sLPX6jN.jpg,1535906692.0,145,0.96,30,CasualUK,Jombo65
9cd39r,"Step 2 in the hospital's official guide to rolling a patient in bed: ""Like a Cornish pasty.""",,https://i.redd.it/k1araue2luj11.jpg,1535903812.0,79,0.97,6,CasualUK,its_a_me_garri_oh
9ccwf4,Dinner in a Yorkshire (before the gravy),,https://i.redd.it/v913g13pguj11.jpg,1535902363.0,195,0.94,54,CasualUK,-WelshCelt-
9ccif6,My contribution to amateur bake off: Chocolate brownie with whipped cream,[deleted],https://i.redd.it/d2vtv96m7uj11.jpg,1535899287.0,62,0.89,9,CasualUK,[deleted]
9ccezw,These are urinals. I happened upon them at a kids attraction,,https://i.redd.it/dx5hnxv55uj11.jpg,1535898464.0,119,0.96,41,CasualUK,Cletus101
9cc2zi,With such small plates how come I‚Äôm stuffed? Oh right I‚Äôve accidentally spent ¬£100,,https://i.redd.it/qzvmbojzvtj11.jpg,1535895375.0,138,0.96,38,CasualUK,[deleted]
9cbxqx,Krave with Kinder Choco Bons. Thank me later.,,https://i.redd.it/i7pkjermrtj11.jpg,1535893931.0,99,0.89,30,CasualUK,millsytime
9cbuec,The 7 New Wonders of the World,,https://i.redd.it/ze5evfcmotj11.png,1535892974.0,1023,0.99,75,CasualUK,gardnerfreddie2
9cbnha,A very Scottish sign in Avengers Infinity War,,https://i.redd.it/kszp0zy9itj11.jpg,1535890771.0,117,0.77,25,CasualUK,eurfryn
9cbmim,I‚Äôve called my Dachshund sausage so much that he now associates the word sausage with him and I can‚Äôt mention sausage without him running in and I‚Äôm now having to find alternate words to refer to a sausage in conversation.,"I reread that and I laughed. I‚Äôm too immature to handle the word sausage. Right, off to get sectioned. 


[The dog in question](https://i.imgur.com/hZq8389.jpg)",https://www.reddit.com/r/CasualUK/comments/9cbmim/ive_called_my_dachshund_sausage_so_much_that_he/,1535890446.0,282,0.98,56,CasualUK,OzziePeck
9cbfrz,An attempt to control the rabble at the bus stop,,https://i.redd.it/j58ic6fmatj11.jpg,1535888190.0,173,0.99,31,CasualUK,SoFarNoHill
9cbey9,I think the makers of Two Point Hospital must browse casualuk,,https://i.redd.it/z56vj4xg9tj11.jpg,1535887906.0,68,0.91,37,CasualUK,Heading370
9cb9vq,Someone hates helping with laundry,,https://i.imgur.com/7iRpeYz.jpg,1535886008.0,826,0.97,10,CasualUK,Vexillum211202
9caxx9,F*** off Asda it's only September,,https://i.redd.it/n4ydfwmtpsj11.jpg,1535881195.0,81,0.91,39,CasualUK,mattmoxon
9caxnr,Bake Off is back. Week 1: Wagon Wheels,,https://i.redd.it/t8o8z7zhpsj11.jpg,1535881088.0,305,0.97,42,CasualUK,Sophatron1
9cau79,"""I'm Luke I'm five and my dad's Bruce Lee, drives me round in his JCB"" was the best song of my childhood.",,https://www.reddit.com/r/CasualUK/comments/9cau79/im_luke_im_five_and_my_dads_bruce_lee_drives_me/,1535879644.0,166,0.91,77,CasualUK,MiiiiitchC
9capax,Thomas Shelby,[deleted],https://i.redd.it/z9el9nlf6pj11.jpg,1535877690.0,13054,0.91,137,CasualUK,[deleted]
9cantc,Is this now a thing?,,https://i.redd.it/ibnbwn5mdsj11.jpg,1535877092.0,52,0.86,37,CasualUK,stewies_minion
9cagba,Beale Hip Hop Album Covers,,https://bealehiphop.com/,1535874178.0,75,0.95,8,CasualUK,theloniousfilth
9c7cdj,The Ups and Downs of Just Eat,"Ordered a meal from my favourite Chinese place at 19:00. Just Eat said they'd confirmed the delivery time as 19:55. I notice afterwards that the place is under new management. 

After it got to 20:30 without food arriving, I phoned the place, asked politely but firmly where my order was. After some confusion I was given the oddly specific ETA of 12 minutes. 

After it got to 21:10 without food arriving, I phoned the place again. And again. And again. After a fourth time I got through. It'll be ten minutes. 

After it got to 21:50 without food arriving, I asked Just Eat for a refund. Their chat agent took about 20 minutes to do this. I got a ¬£5 voucher for my inconvenience. I put an emergency ready meal in the oven. 

It's 23:00 by the time I take it out of the oven. At this point my takeaway arrives. I explain that I cancelled the order over an hour ago, but the delivery guy clearly couldn't care less, and leaves it with me anyway. There are two meals, only one of which I ordered. 

I scrape my ready meal off the plate and put it into tupperware for tomorrow's lunch. I eat the takeaway. My partner, arriving back from her night out, eats the other one. 

Ho hum. I can't leave a review (which would at this point destroy their rating because they only have two other reviews) because the order was cancelled, but I would strongly suggest not ordering from Golden House in Lancaster. ",https://www.reddit.com/r/CasualUK/comments/9c7cdj/the_ups_and_downs_of_just_eat/,1535842152.0,50,0.92,19,CasualUK,Raid_PW
9c731t,Just watched a group of lads try to get attention from a group of women in Wetherspoons,"First gambit: lean over and ask what Princess Leia's hairstyle is called. Not a bad opener, bit of cheeky trivia, both parties now know the other exists and the door to future conversation has been opened.

Second gambit: carefully listen to women's conversation with your back to them.  Overhear that they're from Cheshire. Shout - ostensibly to your friend - that ""CHESHIRE'S A SHITHOLE!"". When this doesn't get a response, add ""OI MATE THESE SLAGS ARE FROM CHESHIRE!"".  Poor choice. Formerly interested women are now much less interested. Did get an 'excuse me pal' but lost points overall.

Third gambit was to start loudly singing, and they then devolved into randomly shouting ""SLAG!"" for attention. :/. Whole thing devolved over about twenty minutes, and it wasn't even 9pm.  These guys were easily in their mid-twenties. Is it really that hard to just start a casual conversation? Why would random insults ever be thought of as a better option?  Am girl, don't understand.  Is this just lad banter? ",https://www.reddit.com/r/CasualUK/comments/9c731t/just_watched_a_group_of_lads_try_to_get_attention/,1535840007.0,267,0.97,99,CasualUK,[deleted]
9c6b5c,WORST ENID BLYTON BOOK EVER,,https://i.redd.it/01twyyo8toj11.jpg,1535833916.0,1279,0.99,70,CasualUK,hairyfacedhooman
9c64t4,"New Walkers multi pack is on point. Worcestershire, Ketchup and Pickled Onion.",,https://imgur.com/YrVZo4b,1535832517.0,73,0.92,33,CasualUK,chilejon
9c5umd,Saw this huge Beluga at Chester Zoo,[deleted],https://i.redd.it/zppuhfekioj11.jpg,1535830344.0,225,0.98,36,CasualUK,[deleted]
9c5cph,"Saw this on an internet cabinet in Jesmond, Newcastle",,https://i.imgur.com/gDrmQBS.jpg,1535826547.0,241,0.99,15,CasualUK,xHelpless
9c4we6,"Four naan, Jeremy? FOUR? That's insane!",,https://i.redd.it/oi9z3nl2xnj11.jpg,1535823117.0,735,0.99,70,CasualUK,dulce-et-inutile
9c4tzb,Went to an antiques shop today and found something from the new Insidious film.,,https://i.redd.it/idhq9q0mvnj11.jpg,1535822606.0,69,0.97,10,CasualUK,jackrmcg
9c4s9r,Liam Gallagher: A national treasure,,https://i.redd.it/mpx5zrbgunj11.jpg,1535822235.0,1135,0.97,123,CasualUK,Tommy_Wilson_
9c4p1a,The Sir David Attenborough Drinking Game,,https://i.imgur.com/A2q23dk.jpg,1535821580.0,172,0.98,23,CasualUK,gsurfer04
9c4kfl,This relic of a shop sign,,https://i.redd.it/q3bagvpspnj11.jpg,1535820658.0,64,0.98,13,CasualUK,FuckYouGandy
9c4gw0,Found this on the bottom of a bag of Maltesers,,https://i.redd.it/7w9lw5bjnnj11.jpg,1535819934.0,186,0.91,19,CasualUK,FluffyCannibal
9c4dsv,"TIL: During WW2 dietitians found that Brits could stay healthy without any imported foods if need be, but with the side effect of a ""remarkable"" increase in flatulence",[deleted],https://en.wikipedia.org/wiki/Rationing_in_the_United_Kingdom#Health_effects,1535819310.0,52,0.98,8,CasualUK,[deleted]
9c3ovn,"I‚Äôm waiting for a troll to jump out, but I‚Äôm only level 15 and don‚Äôt think I can defeat it üó°",,https://i.redd.it/tf9mmovb6nj11.jpg,1535814113.0,81,0.95,11,CasualUK,mas-sive
9c31fk,"Bude Tunnel, a fine day out for all the family.",,https://imgur.com/JC3hwKC,1535808515.0,156,0.98,21,CasualUK,Carl811
9c30zm,An interesting target marketing campaign at pride today. Co op funerals with extra fabulous.,,https://i.redd.it/m8zc2ladpmj11.jpg,1535808403.0,55,0.97,10,CasualUK,simonb3516
9c2s2t,Breakfast goals:,,https://i.redd.it/ov8x6zz2imj11.jpg,1535805950.0,105,0.96,58,CasualUK,alexgreyhead
9c2qai,FYI about UberEats McDonalds,"Don‚Äôt complain too much about problems with your meal or else you‚Äôll get blacklisted by UberEats. 

We found out today that because we‚Äôve complained to much about items missing, wrong items etc from the local McDonald‚Äôs instead of actually taking this up with the McDonalds they‚Äôve decided to blacklisted us. 

How do we know? Well suddenly the two McDonalds we‚Äôve ordered from before are no longer ‚Äúwithin distance‚Äù of our house. However, if we suddenly change address to the house next door magically it‚Äôs within range. 

Figured I‚Äôd let you all know. ",https://www.reddit.com/r/CasualUK/comments/9c2qai/fyi_about_ubereats_mcdonalds/,1535805413.0,95,0.97,40,CasualUK,matty491
9c2lr4,A lesser known British monarch,,https://i.redd.it/h9h385s3cmj11.jpg,1535803949.0,170,0.98,17,CasualUK,highlander2189
9c2lca,Cardiff at night,,https://i.imgur.com/87i061x.jpg,1535803829.0,424,0.98,32,CasualUK,soullessroentgenium
9c2k2h,Graffiti. Durham City.,,https://i.redd.it/7mekg7rkamj11.jpg,1535803426.0,175,0.97,14,CasualUK,shopgirllucy
9c2h9f,The impossible has been done,,https://i.redd.it/8tfum84w7mj11.jpg,1535802522.0,15575,0.94,525,CasualUK,evilpenguin538
9c2h41,"Oh fuck, I cut through my broadband cable.",[deleted],https://i.imgur.com/7GBTTeB.jpg,1535802471.0,238,0.99,81,CasualUK,[deleted]
9c2dk3,Floorboard Treasures: Mr Kipling Fruit Pies from 1990,,https://i.redd.it/80t90lc54mj11.jpg,1535801264.0,78,0.99,12,CasualUK,Warshawski
9c1whp,"Cleaning under the floorboards today, found an old newspaper with a great reader letter",,https://i.imgur.com/PahawDb.jpg,1535795286.0,526,0.99,31,CasualUK,TopTrumpWANKER
9c1so0,Stig of the Stump. Spotted during my walk this morning.,,https://i.redd.it/0aqcaplailj11.jpg,1535793917.0,402,0.98,24,CasualUK,punchypariah
9c1o47,I think Google's algorithms need tweaking,,https://i.redd.it/om7vnwl9dlj11.png,1535792232.0,166,1.0,24,CasualUK,EwanWhoseArmy
9c1cl3,[NSFW] local estate agent accdientally plays porn through its display screen.,,https://v.redd.it/2jdvjtw60lj11,1535787927.0,916,0.97,100,CasualUK,Nefarious_P_I_G
9c15zq,Review for Bude Sainsbury‚Äôs tunnel.,[deleted],https://i.redd.it/tjnoob28tkj11.jpg,1535785483.0,3453,0.97,92,CasualUK,[deleted]
9c0ysv,The new Go-Cat 'cat' has to be the creepiest mascot I've seen in a long while.,,https://i.redd.it/7fj2d9vvlkj11.jpg,1535783017.0,69,0.92,17,CasualUK,Kryptonite_Pyro
9bylaj,"I'll see you post Leeds campsite photograph, and raise you this post shambala campsite photograph.",,https://scontent-lhr3-1.xx.fbcdn.net/v/t1.0-9/fr/cp0/e15/q65/40449257_10157144328115628_282079970098937856_o.jpg?_nc_cat=1&amp;efg=eyJpIjoidCJ9&amp;oh=a8c37bb1e22247e0b48827638cd8f2f3&amp;oe=5BEFDAB1,1535759041.0,78,0.94,9,CasualUK,myelectiveishard
9byf7y,Seen a few posts about the papier-mache Tracy island. Thought I'd share,[deleted],https://i.imgur.com/YYfHZji.jpg,1535757543.0,59,0.94,10,CasualUK,[deleted]
9by9ns,Of *course* this happened in Stevenage üòÇ,,http://i.imgur.com/eDj1S4d.jpg,1535756251.0,312,0.98,31,CasualUK,OkClass
9bx2e8,When you ask for a glass of red up norf,,https://i.redd.it/2in2v40kmhj11.png,1535746922.0,476,0.99,39,CasualUK,psgenius
9bwtvg,Brilliant street name,,https://i.redd.it/3ipryc2ehhj11.jpg,1535745182.0,5974,0.97,185,CasualUK,[deleted]
9bwqj9,This country isn't total shite. Taken on my way to work this morning.,,https://i.redd.it/ipxgljhcfhj11.jpg,1535744495.0,80,0.95,3,CasualUK,fastmuffin
9bwoqk,Moistest.... lovely word,,https://i.imgur.com/XzzNWMX.jpg,1535744124.0,146,0.96,31,CasualUK,[deleted]
9bwasm,Just a grass gorilla on the M25.....,,https://i.redd.it/anu8wzk46hj11.jpg,1535741396.0,314,0.99,28,CasualUK,The_seeker123
9bw7iq,Did anyone used to have this video on their phone back in the day? Likely sent via a 5 minute Bluetooth session,[deleted],https://youtu.be/QwU8j2_6IOI,1535740770.0,61,0.93,12,CasualUK,[deleted]
9bw3vz,It has only just become apparent to me that Judge Rinder is the middle class equivalent of Jeremy Kyle,&amp;#x200B;,https://www.reddit.com/r/CasualUK/comments/9bw3vz/it_has_only_just_become_apparent_to_me_that_judge/,1535740075.0,54,0.92,15,CasualUK,[deleted]
9bvzat,Dutch is a funny language...,,https://i.redd.it/ndb8rcujzgj11.jpg,1535739185.0,244,0.99,13,CasualUK,ENGERLUND
9bvz4v,Spotted in Tenby,,https://i.redd.it/i21isksezgj11.jpg,1535739148.0,155,0.95,20,CasualUK,HimOffReddit
9bvq37,"I (M,17) am very grateful for the person sitting next to me on the 15:12 train from Newton Abbot to London Paddington. I am not in a great place in life at the moment but their smile made me feel much better.",,https://www.reddit.com/r/CasualUK/comments/9bvq37/i_m17_am_very_grateful_for_the_person_sitting/,1535737403.0,113,0.93,33,CasualUK,team_galactic
9bv0wr,"Fixing up house, removed radiator. Out falls a decade's worth of UK kids toys and snacks....",,https://i.redd.it/6jtzv6ljfgj11.jpg,1535732507.0,154,0.98,21,CasualUK,carlshope
9buur8,"My pizza won‚Äôt fit in my bag, now I‚Äôm waiting on the bus, just a grown man and his pizza. I feel like a complete dick.",,https://i.redd.it/673x02e5cgj11.jpg,1535731314.0,958,0.97,147,CasualUK,MarcDiakiese
9btwc2,They often say graffiti isn‚Äôt real art but sometimes it speaks with such directness and honesty you can‚Äôt help but reconsider as a form of visual poetry,[deleted],https://i.redd.it/p8c9niqjrfj11.jpg,1535724394.0,485,0.99,45,CasualUK,[deleted]
9btv55,Only in Britain!,[deleted],https://i.redd.it/spm48f8k2aj11.jpg,1535724144.0,333,0.95,28,CasualUK,[deleted]
9btcqw,Standard Friday night in Blackburn.,[deleted],https://i.redd.it/7dbro83oefj11.jpg,1535720053.0,312,0.99,40,CasualUK,[deleted]
9btb52,Cruelly scalped and left to die,,https://i.redd.it/fkglepzddfj11.jpg,1535719648.0,277,0.99,22,CasualUK,archie-croft
9bt399,Wonder how long they deliberated over naming this canal boat,,https://i.redd.it/2wqbjakl7fj11.jpg,1535717712.0,134,0.99,9,CasualUK,idlewildgirl
9bt31s,"My Grandma has had this for 16 years now. She still says he and The Rock are her ""dreamboats"" shes 90 this year",,https://i.redd.it/5kcx5j1j7fj11.jpg,1535717656.0,145,0.98,18,CasualUK,fyrflyeffect
9bss9k,Thought I‚Äôd make the most of the last of the sun. Just my luck,,https://i.redd.it/8nztzltwyej11.jpg,1535714776.0,76,0.94,34,CasualUK,4tunabrix
9bsqh4,An underrated twitter account,,https://i.imgur.com/lChSQgW.png,1535714283.0,66,0.92,32,CasualUK,TrippingOnAlkali
9bsc4m,It's fine.,,https://i.redd.it/72e03vux9aj11.jpg,1535709953.0,917,0.99,87,CasualUK,draw_it_now
9bs4xu,Sometimes I just love Facebook.,,http://imgur.com/gallery/RlerGEI,1535707552.0,48,0.9,21,CasualUK,Nevarc_Xela
9bs0wt,YouGov | Half of students say they don‚Äôt get drunk on a typical week,,https://yougov.co.uk/news/2018/08/30/half-students-say-they-dont-get-drunk-typical-week/,1535706202.0,58,0.96,101,CasualUK,gsurfer04
9brzrr,Our office spider just caught and killed a wasp,"Absolute legend. The wasp went mental, but Colin skilfully evaded the arse dagger, waited for waspy to get tired and then administered the coup de grace. He's currently scoffing the yellow bastard's innards.",https://www.reddit.com/r/CasualUK/comments/9brzrr/our_office_spider_just_caught_and_killed_a_wasp/,1535705816.0,1845,0.98,140,CasualUK,Badgerfest
9brs34,"Weekly Pub Quiz featuring fictional bears, norse goddesses, and other general knowledge stuff! Twenty questions with answers in comments.",,https://imgur.com/a/pizcFkI,1535703055.0,52,0.95,58,CasualUK,Kerigorrical
9breqr,Johnny English Strikes Again,,https://i.imgur.com/wsjUNoM.jpg,1535698749.0,256,0.96,17,CasualUK,Glurt
9bqz63,Must have been some pretty nifty moves...,,https://i.redd.it/0j1qdnkr8dj11.jpg,1535693854.0,315,0.99,16,CasualUK,Shryke123
9bp7km,"My brain randomly reminded me of the time a bus driver pretended to be a WWII fighter pilot for over an hour, now I can‚Äôt sleep. What do bus drivers do to pass the time?","I‚Äôm pretty sure the guy thought the bus was empty, as it usually didn‚Äôt have too many people when I used it to get to college, I was the only person on it at that point.

At first I thought he was messing with someone on their radios, but then he started to do the full movie fighter pilot accent and machine gun noises. It‚Äôs better than road rage I guess ;)",https://www.reddit.com/r/CasualUK/comments/9bp7km/my_brain_randomly_reminded_me_of_the_time_a_bus/,1535677433.0,50,0.99,22,CasualUK,Char10tti3
9bnw7y,Just a reminder that the 4od player is still a piece of shit.,"Adverts are annoying enough but at least make the bloody thing reliable enough to watch a programme. The 4od player is 12 years old now and you still can't get through 2 episodes of something without the ad break sending you right back to the beginning of the episode you were watching. Or just cutting out completely at random.

I mean seriously channel 4. If the BBC, Netflix, Hulu  Amazon, Rakuten can make a decent media player then you can. Get your shit together channel 4. You bunch of fucking melts.",https://www.reddit.com/r/CasualUK/comments/9bnw7y/just_a_reminder_that_the_4od_player_is_still_a/,1535666447.0,249,0.98,77,CasualUK,theartofrolling
9bntmr,What a time to be alive,,https://i.redd.it/mnyqjmn7xaj11.jpg,1535665755.0,174,0.99,26,CasualUK,musicsquidge
9bnbvo,Shall we play?,,https://i.redd.it/ojy02llnkaj11.jpg,1535661532.0,154,0.94,31,CasualUK,vbloke
9bn4kt,Trying to sell this bike is impossible.,,https://i.redd.it/evgq48jegaj11.jpg,1535660102.0,3270,0.97,179,CasualUK,RobloxPornAccount
9bmw3g,"I‚Äôm british, but have lived in Canada for the past 3 years. This little subreddit cures my homesickness.","Thanks, pals. You just don‚Äôt get the britishisms in Canada, and this sub warms my cold, dead heart. Also, I miss greggs. ",https://www.reddit.com/r/CasualUK/comments/9bmw3g/im_british_but_have_lived_in_canada_for_the_past/,1535658457.0,267,0.97,156,CasualUK,mafooli
9bmlgn,I‚Äôve had a terrifying experience.,"So I got on the train that I thought was mine. It wasn‚Äôt on the board yet but it was on the right platform, right company etc and it‚Äôs quite normal for my train to be on the platform half an hour or so before it‚Äôs due to set off. 

Exactly 40 minutes before departure it set off. With only me on board. It first went in the right direction, then stopped. I panicked. But then it started to go back towards the station so I calmed down. Until the station became a speck in my past. 

I ended up in the depot. Alone. Stuck on a train. I banged on the window and a passing man took pity on me and rescued me from my Greater Anglia prison. I then had to walk back to the station, missed the train I was waiting for and am now a sweaty, anxious, panicked mess. 


TL;DR - I got on a train that ended up at the depot with only me on it. Very scared. Safe now. ",https://www.reddit.com/r/CasualUK/comments/9bmlgn/ive_had_a_terrifying_experience/,1535656396.0,498,0.99,87,CasualUK,22Nathski
9bm3u1,Blue Peter's Tracey Island Instructions,,https://imgur.com/a/fCvxe6Q,1535653039.0,53,0.95,21,CasualUK,Eugenes_Axe
9bln7l,Meanwhile in the countryside ...,,https://i.redd.it/bf4bxfl6m9j11.jpg,1535649941.0,60,0.95,7,CasualUK,ldmosel
9blagh,Am I a heartless monster or are the mother and daughter on the Cadubury's advert a right little pair of tea leaves?,[deleted],https://www.reddit.com/r/CasualUK/comments/9blagh/am_i_a_heartless_monster_or_are_the_mother_and/,1535647577.0,83,0.93,42,CasualUK,[deleted]
9bkg0v,I haven‚Äôt seen a viscount in years! Anyone else miss these little beauties?,,https://i.redd.it/x3f2as4yx8j11.jpg,1535641790.0,79,0.95,41,CasualUK,sbbal05
9bk3a5,[Legal Advice UK - classic story] Sacked for farting?,[deleted],https://www.reddit.com/r/LegalAdviceUK/comments/7o3y67/sacked_for_farting/,1535639298.0,88,0.96,64,CasualUK,[deleted]
9bjz2u,Attempting to exit Bank and end up where I want. Wish me luck.,,https://i.redd.it/pccxbk7yn8j11.jpg,1535638427.0,144,0.98,54,CasualUK,PM_ME_UR_BANTER
9bjbdh,Devon &amp; Cornwall Police know how to tweet,,https://i.redd.it/nrputkah88j11.jpg,1535633229.0,485,0.98,28,CasualUK,wgrills
9bj54z,Been to a fair few gigs and festivals over the years! Anyone else wasted as much money as me?,,https://i.redd.it/23bw3v8x38j11.jpg,1535631729.0,81,0.93,68,CasualUK,idlewildgirl
9bj1kf,This swan in Evesham begging for my Guinness.,,https://i.redd.it/fv9ikuxe18j11.jpg,1535630850.0,90,0.96,9,CasualUK,Glitterage
9bipwp,MySpace profiles,"Someone at work found my old MySpace profile, it's over lads. I assumed it had disappeared into the ether.

-Mirror Selfie

-Embarrassing tag name

-Hollywood undead music

-Terrible flash player animated background

-Comments of 15 year old me trying to impress that girl I liked in ICT xoxoxoxo


Considering suicide rn.






",https://www.reddit.com/r/CasualUK/comments/9bipwp/myspace_profiles/,1535627830.0,101,0.95,53,CasualUK,the_beees_knees
9bi9ic,My first mobile phone,,https://i.redd.it/dldlq8uwd7j11.jpg,1535622947.0,139,0.95,8,CasualUK,gingerbenji
9bi654,I only wanted a bacon sandwich,,https://i.redd.it/0r57sn5ta7j11.jpg,1535621901.0,13401,0.95,415,CasualUK,experiencethejoe
9bi4vc,The allotment monster,,https://i.redd.it/anv8tjtk97j11.jpg,1535621505.0,153,0.98,3,CasualUK,fireball_73
9bi2js,"No thanks, I'll take the new grains - I'm afraid this loaf will be superseded.",,https://i.redd.it/c6so6px377j11.jpg,1535620729.0,143,0.95,16,CasualUK,CorrosionMedia
9bhvoo,One of these is not like the others.,,https://i.redd.it/em8ztydd07j11.png,1535618413.0,330,0.97,56,CasualUK,Raregan
9bhvg7,A lad who is leaving ordered 45 large samosas for the office today,"I had 2 before 9.30am. I regret nothing.

EDIT - Absolute scenes - all gone before lunchtime. It was much like when they dropped the cow in the raptors pen in Jurassic Park",https://www.reddit.com/r/CasualUK/comments/9bhvg7/a_lad_who_is_leaving_ordered_45_large_samosas_for/,1535618320.0,286,0.98,54,CasualUK,DavosLostFingers
9bhoei,Nice walk along the Thames,,https://i.redd.it/zeewsyzrs6j11.jpg,1535615846.0,190,0.96,24,CasualUK,Holweg
9bhj0y,"Bloody hell, missed it by two miles.",,https://i.redd.it/dojm0bdan6j11.jpg,1535613991.0,305,0.95,40,CasualUK,limegreenbunny
9bhiwu,Got blocked by a sky news presenter just dor telling her she pronounced a word wrong (it was memes),,https://i.redd.it/5g5j7347n6j11.png,1535613960.0,859,0.96,188,CasualUK,zxnx3
9bhewz,The way this roll was cut. Thanks Greggs.,,https://i.redd.it/zcjbjiffj6j11.jpg,1535612697.0,84,0.92,27,CasualUK,mikimoo9
9bhefp,Anyone else bitter that they could never make anything from Art Attack due to not having PVA Glue at home?,Apparently pritt stick just never worked the same,https://www.reddit.com/r/CasualUK/comments/9bhefp/anyone_else_bitter_that_they_could_never_make/,1535612557.0,363,0.98,72,CasualUK,echoesreach
9bhcyj,Ex-Royal Marine Steve Sparkes becomes first blind person to row across Pacific Ocean,[deleted],http://www.itv.com/news/2018-08-29/ex-royal-marine-steve-sparkes-becomes-first-blind-person-to-row-across-pacific-ocean/,1535612115.0,57,0.89,12,CasualUK,[deleted]
9bg883,Anyone remember people selling these on High streets in the uk? Got me thinking of all the other useless crap that got sold like those fake hamsters running in a wheel toys.,,https://i.redd.it/bkhwpzf8j5j11.jpg,1535600520.0,82,0.96,41,CasualUK,The1983
9befzr,ANNOUNCEMENT: AMA with Alex Horne this TUESDAY 4TH at 4PM BST : BritishTV,,https://www.reddit.com/r/BritishTV/comments/9ba70f/announcement_ama_with_alex_horne_this_tuesday_4th,1535585640.0,55,0.92,7,CasualUK,gruffi
9be54b,"'Evil' paraglider flying low over Sussex seafront and shouting abuse at people, police say",,https://www.independent.co.uk/news/uk/crime/paraglider-bexhill-on-sea-sussex-police-abuse-a8512746.html,1535583224.0,124,0.99,29,CasualUK,Unexpectedsideboob
9bdsek,"Excuse me, what the fuck?",,https://i.imgur.com/sOyzBWP.png,1535580453.0,76,0.97,14,CasualUK,EbolaNinja
9bd8c0,U.K. grammar in a boozer stall,[deleted],https://i.redd.it/39xw53dmj3j11.jpg,1535576501.0,64,0.98,16,CasualUK,[deleted]
9bcwwk,Found the holy grail of bourbons,,https://i.redd.it/mzpjykocd3j11.jpg,1535574329.0,456,0.98,30,CasualUK,[deleted]
9bc21h,"Tonight's dinner, Chicken wing anyone?",,https://i.redd.it/zduvr9r5w2j11.jpg,1535568548.0,91,0.89,42,CasualUK,bathroommatt
9bbx3s,Crisp news. Potentially stuff that‚Äôs fallen onto the factory floor then made spicy ?,,https://i.redd.it/k0l5ekzat2j11.jpg,1535567594.0,56,0.9,32,CasualUK,cowie71
9bbtrv,Homemade Custard Cream biscuits!,,https://i.redd.it/jj6puxwar2j11.jpg,1535566940.0,393,0.98,46,CasualUK,crusherdestroy3r
9bbl4c,Just a typical high street post-House of Fraser,,https://i.redd.it/7yjvyhb6m2j11.jpg,1535565303.0,128,0.95,23,CasualUK,riverblue9011
9bbjke,"The fella in front of me at the roundabout just dived out of his car, picked up a tenner, gave me the thumbs up and drove off.",Looked like it made his day. ,https://www.reddit.com/r/CasualUK/comments/9bbjke/the_fella_in_front_of_me_at_the_roundabout_just/,1535565009.0,108,0.97,8,CasualUK,Matterbox
9bbeom,This colourised photo of the Queen from 1945 is brilliant,,https://i.redd.it/otgyoobhu2b11.jpg,1535564089.0,84,0.89,14,CasualUK,only777
9bb260,"Mate just moved to a new house, got a kebab from his favourite take-away and they wrote this on the wrapping!",,https://i.redd.it/e9gamf22c2j11.jpg,1535561787.0,295,0.98,31,CasualUK,Menya_zavoot_dave
9bakx1,Went to Cotswold Motoring Museum today and saw the actual IRL Brum!,,https://i.redd.it/m63djori22j11.jpg,1535558578.0,2302,0.99,93,CasualUK,Shrub_le_shrub
9ba77k,"‚Ä™Eeee, bloody millennials - don‚Äôt know t‚Äôday they were born. In my day, we worked 20 hours per-bloody-day, 7-bloody-days-per-bloody-week, down t‚Äô...‚Ä¨",,https://i.imgur.com/EJFm70i.jpg,1535555963.0,61,0.94,12,CasualUK,loudribs
9b9x49,I feel that the US haven't seen the best of James Cordens work,,https://i.redd.it/fvupnqb2p1j11.jpg,1535554052.0,1477,0.96,164,CasualUK,MrMucky
9b9wt1,Can r/CasualUK adopt a football team... And can it be Heybridge FC please and thank you.,,https://i.redd.it/yuvkxgrvo1j11.jpg,1535553991.0,140,0.95,22,CasualUK,die4codgrimsby
9b9qq3,People who went to infant school.. Who remembers this fucker,"&amp;#x200B;

https://i.redd.it/zn3op4p7l1j11.gif",https://www.reddit.com/r/CasualUK/comments/9b9qq3/people_who_went_to_infant_school_who_remembers/,1535552760.0,210,0.97,92,CasualUK,zombi3123
9b9jf5,Blackberries for days lads.,,https://i.redd.it/efe40xdpg1j11.jpg,1535551304.0,422,0.98,45,CasualUK,Omega489
9b9iqa,Amazing work of art in Manchester,,https://i.redd.it/k53kx30gg1j11.jpg,1535551163.0,91,0.96,11,CasualUK,refintime
9b9958,Just witnessed the most idiotic bike accident ever,"So I am on Yorkshire, was driving down the main road in this town and witnessed the bizzare speciticle of a hoodie riding a green bmx while playing chicken with the traffic. 

He then tried to mount the pavement after diving accross the road (to make a van brake) and went head first into a lamppost. 

I wish I had a dash cam 

",https://www.reddit.com/r/CasualUK/comments/9b9958/just_witnessed_the_most_idiotic_bike_accident_ever/,1535549053.0,77,0.97,18,CasualUK,EwanWhoseArmy
9b973h,Rare image from the Hermes/Yodel parcel delivery training video.,,https://i.imgur.com/1GvK9Rg.jpg,1535548601.0,84,0.91,3,CasualUK,9DAN2
9b90sb,Stuck on the M25 for NINE. FUCKING. HOURS.,"massive lorry crash on the M25 yesterday at around 2pm... me and the missus got on the M25 at around 2:30pm. Didn't get off it until 11:35pm. For about 8 of those hours we averaged around 0.7mph. I know we've all experienced the bullshit that this wretched loop of tarmac and misery likes to bestow upon weary travelers but fuck me, lads... This really took the piss. Fortunately the car was stocked with food and drink so we didn't starve but Cobham services have never looked so welcoming. Thank Christ I have the day off today. Has anyone else experienced 9+ hours of traffic before?!

one big positive to come from this is that even after a 13 hour round trip from Essex to Pompey, we didn't want to claw each others eyes out. She's a keeper :)",https://www.reddit.com/r/CasualUK/comments/9b90sb/stuck_on_the_m25_for_nine_fucking_hours/,1535547252.0,197,0.97,66,CasualUK,CaptainEnigma
9b8x1m,Etiquette from the past!,[deleted],https://i.imgur.com/TmX8fXM.jpg,1535546374.0,92,0.92,36,CasualUK,[deleted]
9b8io1,Working from home so having a fancy lunch. Cornish pasty in a bun with spicy sauce.,,https://i.redd.it/iait387wr0j11.jpg,1535542901.0,96,0.82,89,CasualUK,spudgun81
9b8d8n,UCAS sent me an advert disguised as important uni information,,https://i.redd.it/t7o7i74qn0j11.jpg,1535541497.0,275,0.98,65,CasualUK,PodocyteCells
9b83pu,From the top of the Shard. [X-post from /r/London],[deleted],https://i.redd.it/qzya8pemcyi11.jpg,1535538875.0,75,0.94,18,CasualUK,[deleted]
9b7tvw,"I love fresh mackerel, from swimming about to plate in less than an hour.",,https://i.redd.it/0kooffgb70j11.jpg,1535535986.0,61,0.82,22,CasualUK,yermumspubes
9b7ry7,A milestone in Yorkshire history brought back to life,,https://www.bbc.co.uk/news/av/uk-england-leeds-45334807/a-milestone-in-yorkshire-history-brought-back-to-life,1535535405.0,99,0.96,10,CasualUK,danger0usd1sc0
9b7qmy,Rolling the dice for my lunch later,,https://i.imgur.com/BmXilRk.jpg,1535535033.0,912,0.98,78,CasualUK,Camping_is_intense
9b7pdb,"Came upon this pub‚Äôs sign yesterday, thought they were trying to covert me to be Amish",[deleted],https://i.redd.it/c6083te830j11.jpg,1535534604.0,104,0.96,12,CasualUK,[deleted]
9b6w26,It's that time of the year,"When people with umbrellas make me irrationally angry.

Either:

A) they can't work out the complex physical feat of moving their umbrella out of the way of other people

Or

B) They decide it's a great idea to use a golf umbrella that can cover around 177.8 people at a time on a narrow UK street.

Morning!

*Sigh*",https://www.reddit.com/r/CasualUK/comments/9b6w26/its_that_time_of_the_year/,1535525091.0,253,0.97,80,CasualUK,sittingonatable637
9b6mw8,My local Weatherspoons now has a craft beer vending machine.,[deleted],https://i.redd.it/63xvzyjm2zi11.jpg,1535522297.0,159,0.92,62,CasualUK,[deleted]
9b5eum,"New, working washing machine coming end of week. I've not shit the bed in 30 years.","Given these vital facts, guess how my night is going.",https://www.reddit.com/r/CasualUK/comments/9b5eum/new_working_washing_machine_coming_end_of_week/,1535510558.0,68,0.95,25,CasualUK,goldfishpaws
9b3vgf,Police.,,https://i.redd.it/wiafex4ahvi11.jpg,1535498165.0,186,0.98,24,CasualUK,teab4ndit
9b3n9i,Hmmm,,https://i.redd.it/ajvn3119vvi11.jpg,1535496484.0,309,0.99,23,CasualUK,BIGSEB84UK
9b3e8x,Is there ever a more satisfying sight at 11:15pm?,[deleted],https://i.redd.it/1k4tpi0aswi11.jpg,1535494602.0,369,0.95,93,CasualUK,[deleted]
9b2nkb,Anyone fancy a bit of cake with this?,,https://imgur.com/dyzgah9,1535489310.0,68,0.97,16,CasualUK,Britneyfan666
9b20l9,This place never fails to bring a smile.,"I just wanted to give a shout out 
Having a rough week but you buggers with ya witty comments always give us a chuckle. 

Good work. Keep it up. 

",https://www.reddit.com/r/CasualUK/comments/9b20l9/this_place_never_fails_to_bring_a_smile/,1535484983.0,167,0.96,10,CasualUK,X573ngy
9b1sjx,English humour,[deleted],https://i.redd.it/bf1y89u2vvi11.jpg,1535483436.0,199,0.92,53,CasualUK,[deleted]
9b1h2y,"Currently down the pub, waiting for quiz night, and am sat next to the most obnoxious woman in the world.","Every week she contests every answer as she thinks she knows it all. She corrects the quizmaster if he gets the handicaps wrong, and she's louder than the buy1get1free window dwarf man. 

She's currently arguing with the guy next to her about her laptop. The whole pub just heard the following exchange:

""YOU NEED TO STICK IT IN, THEN WIPE IT CLEAN!""

""I DONT WANT TO WIPE IT, YOU'RE NOT LISTENING TO ME!!""

and she just questioned the price on her dinner as it said 8.95 on the blackboard, but on the menu in front of her it said 9.95

She's been going on for about 10 minutes how the board says one thing and the menu says different. Yes we heard you the first time. Move on.

Let it go woman. 



So which characters do you have down your locals?",https://www.reddit.com/r/CasualUK/comments/9b1h2y/currently_down_the_pub_waiting_for_quiz_night_and/,1535481244.0,107,0.97,52,CasualUK,bonster85
9b1gcw,Great British Bake Off Week One (28/08/18) - Biscuit Week!,"Bake off is back! Welcome to the 2018 version - 8pm Tuesday, C4. Let's go!

This week (if rumours are to be believed) is Biscuit Week! Strong start. I've not much else to add since we've no idea who anyone is really. Let's meet them all:

**Our hosts**

[Noel Fielding](https://i.imgur.com/HvX8ajb.jpg) and [Sandi Toksvig](http://sanditoksvig.com/wp-content/uploads/2013/06/Portsmouth.jpg) are in charge of proceedings, with [Paul Hollywood](https://i.imgur.com/hfRQLFf.jpg) and [Prue Leith](https://www.thesun.co.uk/wp-content/uploads/2017/10/lb-comp-prue-v3.jpg?strip=all&amp;quality=100&amp;w=750&amp;h=500&amp;crop=1) delivering withering put downs and assessments of a bunch of amateurs attempts at professional level baking. The bastards.

**[This year's contestants](https://www.bbc.co.uk/news/entertainment-arts-45248320)**

**Jon, 47**

Jon is a blood courier from Newport. He wants to be ""experimental"" in his bakes. I imagine that means lots of weird flavours and delicate designs that don't quite work.

*Prediction* Week: 6

**Kim-Joy, 27**

A mental health worker from Leeds via Belgium and Malaysia. Looks kooky. Guaranteed to annoy me.

*Prediction* Week: 1

**Rahul, 30**

Research scientist from India originally. I hope he makes a chicken balti pie at some point. That's proper east meets west, Rahul, not whatever you're thinking of cooking up.

*Prediction* Week: 4

**Antony, 30**

Banker. Fuck off Antony, mate. Also grew up in India and styles himself a Bollywood baker. Reckon they've accidentally got the same bloke twice with these last two?

*Prediction* Week: 2

**Karen, 60**

The older baker to appease the WE. Karen looks like she has a trick or three up her sleeves though. Behind those glasses are the cold, dead eyes of a winner. She's done this before, she'll do it again. Hide your baked alaska, Rahul. She's coming for you.

*Prediction* Week: 8

**Ruby, 29**

Ruby likes making sweet treats for her family. Also grew up in India, exotic. Bet she's crap but stays in 'cos Paul Hollywood gives her the eye. The great big perv.

*Prediction* Week:7

**Luke, 30**

Luke's a civil servant from Sheffield. Being from Sheff alone makes him my favourite, but he's also techno DJ! What a man! I bet he loves a [Buttery Biscuit base.](https://www.youtube.com/watch?v=OMg3epr53Ns)

*Prediction* Week: FINAL

**Manon, 26**

This years youngest contestant, Manon hails from France and is a software project manager, whatever that means. Expect fondant fancies and a constant sneering attitude. If she doesn't win it's definitive proof that the UK is superior to France.

*Prediction* Week: 9

**Briony, 33**

Full time mum Briony is a Bristolian who leant everything about baking from YouTube. As fellow denizens of the internet, we should definitely support her.

*Prediction* Week: FINAL

**Imelda, 33**

Countryside recreation officer (???) Imelda is from Norn Iron. She was taught by her ma, as I suspect everyone was at some point. Imelda listened though. See where you could be if you listened to you mum? Listen to your mothers, you ungrateful sods. Give her a call after Bake Off and chat about it with her. She'll be thrilled. Make sure you tell her you love her as well, bet you don't tell her enough, but she doesn't mind. She's a saint is your mum.

*Prediction* Week: 3

**Terry, 56**

Big Tel is retired and is planning on bringing ingredients from his very own microbrewery. What a man! Go on Tel!

*Prediction* Week: FINAL

**Dan, 36**

Dan's a stay at home dad who's looking forward to ""time to himself away from the kids"" during Bake Off. It's alright Dan, just say you hate the kids mate. It's fine.

*Prediction* Week: 5

**So there we go! As the weeks go I'll delete off out hapless bakers and add a bit more prelude at the top. LET'S BAKE!**
",https://www.reddit.com/r/CasualUK/comments/9b1gcw/great_british_bake_off_week_one_280818_biscuit/,1535481109.0,114,0.95,433,CasualUK,jptoc
9b0ua7,I tried it but if I‚Äôm honest it tasted like stale piss.,,https://i.redd.it/651tbrwfbvi11.jpg,1535476852.0,109,0.97,16,CasualUK,Seganku74
9azqvt,For those of you that are struggling to decide what to cook for dinner. You could always try...,,"https://images-na.ssl-images-amazon.com/images/I/61kloy%2BT%2BTL._SX447_BO1,204,203,200_.jpg",1535469187.0,169,0.97,38,CasualUK,alittlebitmental
9azppg,We normally get a lemontop from the beach but this time it had to be a rainbow top. It was amazing.,,https://i.redd.it/5f8stvj0oui11.jpg,1535468959.0,135,0.97,24,CasualUK,Froobyxcube
9azf6v,Primark in Belfast has been on fire all day and this happens,,https://v.redd.it/3diae2kwfui11,1535466816.0,74,0.94,26,CasualUK,[deleted]
9az7sw,"Just found this in my house and I looks pretty cool,does any one else have one similar to this as in ww1 or 2 coins",,https://i.redd.it/4kvvije0dui11.jpg,1535465252.0,79,0.95,16,CasualUK,Fireassassin60
9az7a3,What kind of twat though this was acceptable as a train station bench?,,https://i.redd.it/br6jremocui11.jpg,1535465144.0,116,0.97,32,CasualUK,DemonSparrow
9ayzk4,Every day I have to step into the road to give way to these bloody flowers. Are they allowed to obstruct the pavement like this?,[deleted],https://i.imgur.com/DuhtUGo.jpg,1535463502.0,130,0.89,51,CasualUK,[deleted]
9ayvzm,Lassoed and hog tied my first mattress. The world is now my oyster.,,https://i.redd.it/ep6uc3le5ui11.jpg,1535462699.0,66,0.93,16,CasualUK,EuropoBob
9ayl4d,Formula 1 will no longer be on free TV even in highlights form next year. :(,,https://twitter.com/4Viewers/status/1034010442648219648,1535460250.0,120,0.97,107,CasualUK,gsurfer04
9axz02,Children's TV has certainly changed since when I was a kid.,,https://v.redd.it/uz7fkh94hti11,1535454587.0,367,0.98,48,CasualUK,lukejames1111
9axxuw,"Seriously though, I love that jingle.",,https://i.redd.it/iovfbz4agti11.jpg,1535454259.0,15803,0.91,747,CasualUK,TaintedLion
9axp8v,"Guys, I'm in trouble.","I forgot to put out a package for some woman to pick up (a pair of old kids shoes, nothing exciting).

I had verbal, written and text reminders from my gf and it still slipped my mind.

Send help.",https://www.reddit.com/r/CasualUK/comments/9axp8v/guys_im_in_trouble/,1535451620.0,75,0.9,38,CasualUK,logical_outcome
9ax9pn,The bus ticket came with a voucher that expires a day before you travel.,,https://i.redd.it/7b4cr7x3tsi11.jpg,1535446453.0,138,0.98,26,CasualUK,KojoKinaata
9ax8tc,Just had an interesting call from the vets.,"We just took our lovely little cat Cleo into the vets today for a checkup. Left her there and got a call about 40 minutes later and missed it. Panicking I called back to some strange news. Not only has she not been neutered like we were told...

She also has a cock and balls. We've had ""her"" for nearly 4 years...",https://www.reddit.com/r/CasualUK/comments/9ax8tc/just_had_an_interesting_call_from_the_vets/,1535446097.0,321,0.98,136,CasualUK,AdamNRG
9ax3gl,"It's the dog end of the School Summer Holidays, if you've run out of stuff to entertain the kids the wife has made a little papercraft house model to print out, colour and build.","&amp;#x200B;

https://preview.redd.it/c8brmdadlsi11.jpg?width=588&amp;format=pjpg&amp;auto=webp&amp;s=4fb5b8529aaab704e904fd309b6aeb2d54702e39

&amp;#x200B;

It's a model of a Romano British ""strip"" house (they lined the roads leading up to towns and forts, with the short end facing the street) This one's based on the kinds of combined house /shops you got outside forts like Vindolanda and Housesteads up North. But archaeologists find houses like these all over Roman Britain. Often they were home to tradespeople such as cobblers, tailors, and potters  whose businesses served local military and urban areas.

&amp;#x200B;

[Housesteads Fort, with its \\""Vicus\\"" or village outside the walls.](https://preview.redd.it/yyji7h1flsi11.jpg?width=588&amp;format=pjpg&amp;auto=webp&amp;s=90b57fa9e5fc343746ead7839d2ee24603c982b3)

You can download it (it's a pdf) from [here](https://www.chapbookhistory.co.uk/product-page/roman-house) and just use the code **Holidays2018** in the relevant box to get it for Free!

All you need is a printer, some scissors and and a glue stick / PVA, and it might bag you a few hours to get stuff done!

*Mods: I hope this is OK?  It's free and kinda educational, but if it goes against the grain, I'll understand &amp; I'll take my punishment like man (lip stiffens)*

&amp;#x200B;",https://www.reddit.com/r/CasualUK/comments/9ax3gl/its_the_dog_end_of_the_school_summer_holidays_if/,1535444129.0,75,0.95,12,CasualUK,Peter_Lorimer
9ax1mc,Helpful map here,,https://i.redd.it/29eywbcaksi11.jpg,1535443485.0,208,1.0,4,CasualUK,coolsimon123
9awy8m,The remnants of Leeds festival,,https://i.redd.it/l5z64y4ugsi11.jpg,1535442327.0,1316,0.98,342,CasualUK,_piss_and_vinegar_
9awv67,My sister was selling her fish tank on Facebook but she didn't know what came with it so she asked me what all the parts were called ...so I told her ....(this is a screenshot of her messenger),,https://imgur.com/jvCerbJ,1535441291.0,54,0.81,17,CasualUK,Mrmyke00
9awtyl,Can we stop posting pics of spiders please because you're scaring the shit out of me,,https://www.reddit.com/r/CasualUK/comments/9awtyl/can_we_stop_posting_pics_of_spiders_please/,1535440874.0,120,0.93,31,CasualUK,[deleted]
9awhac,"This guy was a bit further from home than usual. Spotted in Sydney, Australia",,https://i.redd.it/1wjtua930si11.jpg,1535436727.0,684,0.99,38,CasualUK,colonel-yum-yum
9avud3,Pint in the airport at 5am,,https://i.redd.it/t3ye9ewpfri11.jpg,1535429841.0,214,0.94,47,CasualUK,PhatsoCallum
9aukxr,Just had a wholesome moment with local takeaway delivery driver,[deleted],https://www.reddit.com/r/CasualUK/comments/9aukxr/just_had_a_wholesome_moment_with_local_takeaway/,1535418529.0,63,0.97,1,CasualUK,[deleted]
9atonc,Nothing is more upsetting than going to pick up a cuppa to find out you've already drank it,Nothing.,https://www.reddit.com/r/CasualUK/comments/9atonc/nothing_is_more_upsetting_than_going_to_pick_up_a/,1535410875.0,75,0.95,23,CasualUK,JRHartllly
9atick,The changing face of British vandalism,,https://i.redd.it/razlh5z3rpi11.jpg,1535409479.0,141,0.97,47,CasualUK,basedinspoons
9ata09,ASDA Groceries the new game critic,[deleted],https://i.redd.it/idl86rsplpi11.png,1535407646.0,1367,0.99,59,CasualUK,[deleted]
9asvly,PSA: Scammers on /r/CasualUK,[deleted],https://www.reddit.com/r/CasualUK/comments/9asvly/psa_scammers_on_rcasualuk/,1535404539.0,213,0.98,86,CasualUK,[deleted]
9asnen,Apparently the times that supermarkets reduce food,[deleted],https://i.redd.it/40tm4x5k7pi11.jpg,1535402886.0,83,0.93,38,CasualUK,[deleted]
9asfdg,The joys of forfeits in old board games,,https://i.redd.it/wcutsrzq2pi11.jpg,1535401272.0,108,0.98,12,CasualUK,Callmehannahbaker
9aqw85,Won the jackpot at the village fair tombola,,https://i.redd.it/pbw9r0kv6oi11.jpg,1535390548.0,884,0.98,49,CasualUK,SpotterFive
9aqpzb,My friend appealed his English Language GCSE grade after he got 7/24 on one question - turns out the examiner meant to write 17/24 but accidentally marked it as 7...,[deleted],https://i.redd.it/bge7g7wf3oi11.jpg,1535389391.0,337,0.99,70,CasualUK,[deleted]
9apumy,Rode past this old chap off the re-conquer the empire for her majesty.,[deleted],https://v.redd.it/kl0ihie9lni11,1535383422.0,109,0.95,27,CasualUK,[deleted]
9apqyc,About to have some hot chocolate when,,https://i.redd.it/rb719jlmjni11.jpg,1535382731.0,191,0.97,42,CasualUK,PodocyteCells
9apnir,This year's batch of sloe gin is complete!,,https://imgur.com/r1IpgZk.jpg,1535382107.0,63,0.93,18,CasualUK,SaltireAtheist
9apl3z,Something is very wrong in the world...,[deleted],https://i.imgur.com/ehTN0JI.jpg,1535381625.0,81,0.96,20,CasualUK,[deleted]
9aoja7,Fewer things go together better than Spoons on a Bank Holiday Monday,,https://i.redd.it/xz2ize06rmi11.jpg,1535373164.0,113,0.81,49,CasualUK,McBonzo
9aogl2,"Jet fuel can't melt steel beams, but the tomato sauce from a Chigago Town pizza fucking well could...",,https://i.redd.it/6a5juty4pmi11.jpg,1535372477.0,239,0.94,48,CasualUK,BastionOfPoliteness
9aoewa,Just your average shopping trip sights.,,https://v.redd.it/ypuwunkqnmi11,1535372073.0,75,0.97,16,CasualUK,sumdw
9aoe3x,Steady on Paul,,https://i.redd.it/ktpx7l8anmi11.jpg,1535371853.0,216,0.96,10,CasualUK,[deleted]
9aobsz,I‚Äôve never felt so northern in my life,,https://i.redd.it/i9js1ihilmi11.jpg,1535371282.0,101,0.99,13,CasualUK,idlewildgirl
9aob7r,It pains me to say it but Croatia have perfected chip containers. Holds two condiments and a drink.,[deleted],https://i.redd.it/r499rbn2lmi11.jpg,1535371110.0,204,0.94,36,CasualUK,[deleted]
9anxyr,All hail the mega chip,,https://i.redd.it/m508ffmx9mi11.jpg,1535367361.0,150,0.94,22,CasualUK,Clomojo87
9aniil,"About a year ago, I made this beautiful invention. Thoughts?",,http://imgur.com/6VbI0wN,1535362411.0,69,0.88,28,CasualUK,JamieA350
9anclg,Already been accosted by a seagul on my holiday. I.o.W,,https://i.redd.it/b98yrj56pli11.jpg,1535360385.0,141,0.96,39,CasualUK,katievsbubbles
9anaoi,It‚Äôs unbelievable how long Channel 4 has been running Everybody Loves Raymond and Frasier in the mornings.,[deleted],https://www.reddit.com/r/CasualUK/comments/9anaoi/its_unbelievable_how_long_channel_4_has_been/,1535359653.0,53,0.92,44,CasualUK,[deleted]
9an20z,Why do random questions get stickied to the front page?,Haven't been on this sub long and realised random posts and questions get stickied everyday and just wondered why. ,https://www.reddit.com/r/CasualUK/comments/9an20z/why_do_random_questions_get_stickied_to_the_front/,1535356415.0,162,0.97,70,CasualUK,[deleted]
9an0c3,Traditional British food served at a British themed pub chain in Japan.,,https://i.redd.it/bu6svthlbli11.jpg,1535355823.0,643,0.99,194,CasualUK,ohapineapple
9amztb,Local cafe sells children,,https://i.redd.it/fnj18ll1bli11.png,1535355630.0,80,0.93,16,CasualUK,daveycroc
9amjt5,It's the little things that make a big impact,[deleted],https://i.imgur.com/QRbboY6.gifv,1535350036.0,1427,0.98,68,CasualUK,[deleted]
9am0qf,St Michael's Mount in Cornwall [OC],,https://i.redd.it/vylfw15tcki11.jpg,1535344202.0,242,0.99,15,CasualUK,CrashMan47
9ajkxq,Heathrow the savage,,https://i.redd.it/d1qk57wzjii11.jpg,1535322319.0,1243,0.95,173,CasualUK,JotilReddit
9aj8pg,A portrait of Nicolas Cage in the St David's cathedral,,https://i.redd.it/bzc1mn0qbii11.jpg,1535319541.0,303,0.98,10,CasualUK,jerrrica
9aj772,There is nothing more pointless in the world than putting a price on a Gumtree ad.,"Bought a fridge freezer 2 years ago for ¬£400 and the new house we've moved in to has a built in fridge freezer so I put the old one on Gumtree for ¬£125 specifically stating I wouldn't take any less than that for it

I just got offered ¬£45

I hate Gumtree ",https://www.reddit.com/r/CasualUK/comments/9aj772/there_is_nothing_more_pointless_in_the_world_than/,1535319212.0,54,0.91,30,CasualUK,HarryGoLocky
9aj5cy,"UK section in a SuperTarget, Kissimmee Florida",,https://i.redd.it/4fe41pvh9ii11.jpg,1535318796.0,190,0.97,134,CasualUK,NathanShirls101
9aiqu4,First time buying Morrison's Wonky Veg. I lucked out and hit paydirt!!,,https://i.redd.it/4jlju0ftzhi11.jpg,1535315589.0,235,0.95,19,CasualUK,Clackpot
9aioam,This van I was driving behind on the way to work.,,https://i.redd.it/vybsugxdyhi11.jpg,1535315050.0,106,0.95,5,CasualUK,sumdw
9aieqr,PSA: Tomorrow is a bank holiday,[deleted],https://www.reddit.com/r/CasualUK/comments/9aieqr/psa_tomorrow_is_a_bank_holiday/,1535313026.0,73,0.91,62,CasualUK,[deleted]
9aibqt,"Sometimes nothing does the job better than just a big plate of chips with salt and vinegar. (1st time making them from scratch, I feel like I‚Äôve ‚Äòlevelled up‚Äô from Super Noodles).",,https://i.redd.it/zmzbk46hqhi11.jpg,1535312400.0,432,0.96,57,CasualUK,Old-Blighty
9ahz1e,Highlight of my long weekend,,https://i.redd.it/rj0wfpzpihi11.jpg,1535309786.0,3955,0.98,113,CasualUK,smeggles
9ahp6p,Someone call the cops,,https://v.redd.it/ka31pkkaxei11,1535307734.0,183,0.97,19,CasualUK,pasm
9ahkr5,A very British queue for tickets,,https://v.redd.it/h2tyy3lj9hi11,1535306874.0,63,0.96,8,CasualUK,JollyMatlot
9ahicb,"Not sure what the youth of Cornwall have done to upset the council, but damn!",,https://i.redd.it/c3o76ocd8hi11.jpg,1535306301.0,296,0.99,20,CasualUK,[deleted]
9ah331,Spotted in Cambridge - recent graduate of Psychological and Behavioural Sciences,,https://v.redd.it/tadfjxlqygi11,1535303116.0,100,0.91,16,CasualUK,nousernames2
9ah1lo,It may be raining but we're British and on holiday in Norfolk so we're we're gonna bloody well have a BBQ,,https://i.imgur.com/AQpZX1l.jpg,1535302798.0,126,0.99,15,CasualUK,ramblinghambling
9agwti,"I'm loving this weather.‚òî It's so nice to be back in cozy, warm clothes, and to be drinking hot chocolate whilst watching the rain outside.‚òïüòä",Sorry for anyone who's trying to do a bank holiday trip though. üò¢,https://www.reddit.com/r/CasualUK/comments/9agwti/im_loving_this_weather_its_so_nice_to_be_back_in/,1535301786.0,777,0.95,102,CasualUK,akaBrotherNature
9aghwe,Bbq gazebo guard cat for hire. Will work for food.,,https://i.redd.it/6h9x4ppblgi11.jpg,1535298557.0,179,0.98,5,CasualUK,rizozzy1
9agah6,Great Britain are Wheelchair Basketball World Champions beating the USA 79-62,,https://twitter.com/BritWheelBBall/status/1033731595033866241,1535296893.0,421,0.99,15,CasualUK,zantkiller
9ag9ps,"There was an antique fair at the top of our road, so thought we‚Äôd pop in and take a look.",,https://i.redd.it/j7qtly6wfgi11.jpg,1535296724.0,584,0.99,48,CasualUK,tristrampuppy
9ag5i8,"If you‚Äôre ever in Hastings and fancy an ice cream, this is good to know!",,https://i.redd.it/ziffu382dgi11.jpg,1535295773.0,63,0.93,10,CasualUK,yespleaseyetagain
9ag36j,Fabulous stormtrooper at Manchester Pride,,https://i.redd.it/995ihjkjbgi11.jpg,1535295262.0,191,0.92,3,CasualUK,superfastjellydog
9ag09n,Co-op coming through with this absolute steal!,,https://i.redd.it/i2lsytsh9gi11.jpg,1535294575.0,215,0.97,28,CasualUK,BigSpagget
9afq43,This pigeon in my local B&amp;Q just hit the jackpot,,https://i.imgur.com/IxeGpls.jpg,1535292095.0,209,0.98,23,CasualUK,lightningbadger
9afmhw,For local people,,https://imgur.com/XEbaRXx,1535291108.0,233,0.99,18,CasualUK,Biozo
9aflkd,Struggling to fit in with life in the UK.,[deleted],https://www.reddit.com/r/CasualUK/comments/9aflkd/struggling_to_fit_in_with_life_in_the_uk/,1535290874.0,153,0.96,72,CasualUK,[deleted]
9af1xg,Lost my mother to a bike wheel,,https://i.redd.it/7z9jzu26hfi11.jpg,1535285046.0,180,0.94,28,CasualUK,ChillDolphin
9aexm4,Middle class family tanning the absolute f*** out of their national trust membership.,,https://www.thedailymash.co.uk/news/environment/middle-class-family-tanning-absolute-fk-out-of-their-national-trust-membership-20170421126384,1535283551.0,69,0.93,17,CasualUK,DeadYen
9aetf5,Dad insists the BBQ is going ahead regardless!,,https://imgur.com/uoppPUX,1535282021.0,652,0.99,53,CasualUK,adamlc
9aeqhi,Travelled down south to see Stonehenge...,,https://i.redd.it/7zr62xlv4fi11.jpg,1535280928.0,135,0.97,31,CasualUK,Werdcon
9aek2z,Not sure I like the next RockStar game.,,https://i.redd.it/149pmqr2xei11.jpg,1535278331.0,192,0.98,13,CasualUK,LordJimsicle
9aeida,Let‚Äôs give a shout out to the unsung heroes. The fitters at Clarke‚Äôs shoe stores right before the start of school term.,,https://i.redd.it/yh4p1kf7vei11.jpg,1535277661.0,1296,0.99,147,CasualUK,[deleted]
9adwng,"Hello r/CasualUK, I‚Äôm looking for fellow U.K. dwellers help!",[removed],https://www.reddit.com/r/CasualUK/comments/9adwng/hello_rcasualuk_im_looking_for_fellow_uk_dwellers/,1535268733.0,188,0.95,134,CasualUK,[deleted]
9adqv0,Great final pay off to this story,,https://i.redd.it/eomh3mkwxdi11.jpg,1535266461.0,30944,0.96,435,CasualUK,norfolkench4nts
9adibj,This pineapple at Oxford botanical garden,,https://imgur.com/80FaqIK,1535263252.0,76,0.93,9,CasualUK,mapman87
9adgvn,Home at last!,,https://i.redd.it/ysrqah0tmdi11.jpg,1535262729.0,61,0.95,9,CasualUK,Dougal12
9ab6ql,I was looking for a cool bag when suddenly ...,,https://i.redd.it/txk968o3rbi11.jpg,1535239959.0,189,0.99,3,CasualUK,Big_Miss_Steak_
9aajsj,Even the upper classes need bins (Spotted in Cawdor Castle),,https://imgur.com/gz5aozC,1535234450.0,98,0.97,5,CasualUK,Dazzacus
9aa2l2,The missus knows me well!,[deleted],https://i.redd.it/0822wjgtyai11.jpg,1535230465.0,185,0.94,23,CasualUK,[deleted]
9a9yeo,Missus just stank the bog out so much I offered her the title of Honorary Bloke.,"I'm proud of her.

We've just had an undercooked meal go through us both really quickly, but she won.",https://www.reddit.com/r/CasualUK/comments/9a9yeo/missus_just_stank_the_bog_out_so_much_i_offered/,1535229490.0,60,0.84,19,CasualUK,stateit
9a9y3p,Is anyone daft enough?,,https://i.redd.it/f4p90jnqvai11.jpg,1535229413.0,66,0.95,16,CasualUK,[deleted]
9a9mrq,"I'm patriotically proud, yet horrified that tea bags need singling out here.",,https://i.imgur.com/feZPEp8.jpg,1535226876.0,156,0.97,19,CasualUK,TechnicalChaos
9a8u82,"Ran my first 10K today! Feeling pretty chuffed with myself, only started running regularly at the end of June.",,https://i.imgur.com/AkcaxPf.jpg,1535220746.0,524,0.94,75,CasualUK,The_Scrunt
9a7zhx,‚ÄòQuick and East mid-week stir fry‚Äô review,[deleted],https://i.redd.it/7xqhz5mfm9i11.jpg,1535214175.0,106,0.99,6,CasualUK,[deleted]
9a7sjd,I almost choked on my coco pops,,https://i.redd.it/li00nspth9i11.jpg,1535212626.0,530,0.98,38,CasualUK,justmona
9a7cem,My very first home-grown squash. Absolute unit!,,https://i.redd.it/3h0tq75r69i11.jpg,1535208927.0,362,0.98,34,CasualUK,Mighty_Stebbo
9a7530,Cornwall on a misty day,,https://i.redd.it/md2l53lm19i11.jpg,1535207178.0,64,0.98,3,CasualUK,sbbal05
9a73jj,How's Margaret?,,https://imgur.com/9yryHmO,1535206797.0,1691,0.99,28,CasualUK,BlunderingBazookas
9a73ar,"Mid walk cider at the Mortal Man in Troutbeck, Lake District",,https://imgur.com/vsViicp,1535206727.0,155,0.99,11,CasualUK,BlunderingBazookas
9a719n,"The sloes are early this year, time to buy some cheap gin!",,https://i.redd.it/tf39adnpy8i11.jpg,1535206199.0,75,0.97,48,CasualUK,FlickGC
9a7063,Spotted in Dundee,,https://imgur.com/lfmk8sB.jpg,1535205934.0,107,0.96,21,CasualUK,DuskytheHusky
9a6r2d,"Casual ""sleepy village"" banter...",,https://i.redd.it/y0djvfrpq8i11.jpg,1535203508.0,911,0.94,64,CasualUK,Dipplong
9a6kmt,Original graffiti on the Merseyrail,,https://i.redd.it/vf04zjlal8i11.jpg,1535201686.0,552,0.99,19,CasualUK,thelonelyoctopus
9a6io6,I only found out yesterday Toby Carvery gives you as many Yorkshire puds as you ask for,"I feel betrayed, all those Yorkshire puddings I‚Äôve missed out on previously thinking it was only 1 per person üò¢",https://www.reddit.com/r/CasualUK/comments/9a6io6/i_only_found_out_yesterday_toby_carvery_gives_you/,1535201103.0,64,0.97,24,CasualUK,lewofthesea
9a6ekh,How's everyone feeling today?,,https://i.redd.it/7jh8selff8i11.png,1535199823.0,156,0.93,27,CasualUK,armadillo-rodeo
9a66rq,When so scumbag tries to break in but finds a breakaway cylinder :-),,https://i.redd.it/k3qomv2a88i11.jpg,1535197313.0,104,0.98,39,CasualUK,ZeeClone
9a63ap,"I understand times are tough, but this is a strange decision someone made.",,https://i.redd.it/rsl3g0vk48i11.jpg,1535196067.0,81,0.93,4,CasualUK,quinn_drummer
9a6327,Rate my toasties,,https://i.redd.it/pgm6qv3b48i11.jpg,1535195973.0,86,0.88,23,CasualUK,BambooSound
9a5m3m,You know you‚Äôre in a rough area when the KFC has a cage around the tills to protect the staff. Also two security guards at the door. It was 5pm.,,https://i.redd.it/w30h5b65l7i11.jpg,1535189528.0,948,0.99,151,CasualUK,lukeyspesh
9a5j9n,Found on the Wickes website - cracking review,,https://i.redd.it/qk98kv2lh7i11.png,1535188353.0,3932,0.97,124,CasualUK,notgoneyet
9a5if9,"Really pleased to find out my granola has more sugar in it than a bar of chocolate (22g vs 15g, per 100g) Looks like it'll be choocolate for breakfast from now on",,https://i.redd.it/lt2awz69g7i11.png,1535188044.0,300,0.95,83,CasualUK,nuanimal
9a5bfp,Managed to get a rare pic of the guys hanging out together...,,https://i.imgur.com/IGwm9LD.jpg,1535185237.0,75,0.91,1,CasualUK,GirlFromBlighty
9a57aa,Love the countryside in Somerset.,,https://i.imgur.com/7LBjoM1.jpg,1535183647.0,511,0.98,36,CasualUK,pixelunit
9a56yj,"Are we all posting puppies today? This is Grace, she lives on a boat",,https://i.redd.it/k998cea437i11.jpg,1535183516.0,275,0.95,10,CasualUK,Roxygen1
9a4x7v,oooooo its almost time boys and girls. Get ya jars of vinegar at the ready ya cheating buggers.,,https://i.redd.it/eubcybfhs6i11.jpg,1535179889.0,1183,0.98,117,CasualUK,Princescyther
9a4ucv,This is one for my Scottish cousins.,,https://i.redd.it/a2jgnh6dp6i11.jpg,1535178842.0,257,0.97,20,CasualUK,thedudeabides80
9a36ix,Legend!,,https://i.redd.it/goxz8zmu53i11.jpg,1535161441.0,128,0.98,17,CasualUK,joseph_clucky
9a1ziu,Google Maps caught a plane in flight,,https://i.redd.it/ofx1di48c4i11.png,1535150909.0,59,0.92,17,CasualUK,Bacon4Lyf
9a1ve0,My mate dyed his beard rainbow colours for sponsorship. Not asking for donations; just want to show off the effort!,,https://i.imgur.com/VknbA8c.jpg,1535149972.0,160,0.93,12,CasualUK,ahrimaniac
9a1tex,Will never forgive Jamie Oliver,[deleted],https://i.redd.it/k0v571paa4i11.jpg,1535149559.0,109,0.87,27,CasualUK,[deleted]
9a1q7a,PSA: Dont forget to turn your alarm off for monday if you get the bank holiday off,,https://www.reddit.com/r/CasualUK/comments/9a1q7a/psa_dont_forget_to_turn_your_alarm_off_for_monday/,1535148848.0,70,0.95,21,CasualUK,fc89
9a1jy2,Stumbled across this corker on /r/AskReddit.,,https://i.redd.it/we70eww244i11.png,1535147508.0,7275,0.99,62,CasualUK,Gibslayer
9a1ivv,Echo mic,,https://i.redd.it/losdfm9i34i11.jpg,1535147276.0,223,0.98,17,CasualUK,Jarlock1998
99zz70,"Somehow, a Falkland Islands üá´üá∞ two pence piece made it all the way to my wallet in the South West.",,https://i.redd.it/372yroli53i11.jpg,1535135855.0,109,0.98,23,CasualUK,David-Bedlam
99zqbm,Why does this army ad look so... Soviet?,,https://i.redd.it/dtrqoeh703i11.jpg,1535134089.0,202,0.97,30,CasualUK,stald_muool
99zih1,Thanks for the advice!,,https://i.redd.it/ajwlv3eov2i11.jpg,1535132567.0,93,0.96,5,CasualUK,Sun0250
99zbht,Google thought they'd make me aware of this rather enlightening review of my local Aldi,,https://i.imgur.com/bphu5ee.jpg,1535131179.0,246,0.98,14,CasualUK,lostgate
99z62m,"Puppy tax, paid for my earlier post! Imagur wasn‚Äôt playing ball on my phone, so here is Oscar 10 weeks old",,https://i.redd.it/i7qwn7oho2i11.jpg,1535130119.0,200,0.94,23,CasualUK,dontfearlionhere
99yek1,Of course this is a British thing. (Whitby),,https://i.redd.it/1npyb4bo82i11.jpg,1535124802.0,292,0.98,40,CasualUK,KindaSortaBritish
99ydl9,Interesting photos from someone selling their house?,,https://i.redd.it/eddgfpr582i11.jpg,1535124628.0,54,0.97,21,CasualUK,elmachow
99y6in,Top bloke studying takeaway menu on the bus. It must be Friday!,,https://i.redd.it/ul0qls7y32i11.jpg,1535123233.0,146,0.97,14,CasualUK,Fosse22
99x1g1,Countries where Queen Elizabeth II can be charged with a crime [OC],,https://i.imgur.com/FJtJxEj.jpg,1535114165.0,112,0.97,60,CasualUK,FlickGC
99wkcs,Just passed my driving test. No license yet so my Lego one should suffice!,,https://i.redd.it/g7copubmz0i11.jpg,1535109656.0,523,0.97,77,CasualUK,Archie_wan
99wcmv,When you pick a fight with a bush and lose,,https://gfycat.com/EnviousMagnificentAtlasmoth,1535107328.0,220,0.95,79,CasualUK,MellotronSymphony
99wcir,"Well I can guarantee no one is going to touch his pint, his phone on the other hand....",,https://i.redd.it/oxcafh3ls0i11.jpg,1535107283.0,57,0.95,7,CasualUK,wba1995
99vv81,"The tuck shop in my office is selling these for 25p a bag. It's like I'm back in the 90s, it's wonderful.",,https://imgur.com/ILXruta.jpg,1535101770.0,114,0.96,29,CasualUK,26326312
99vu4u,I'm watching a standoff between buskers and chuggers.,"The (loud) buskers have camped up opposite the chugger's stand. They're playing a guitar, trombone and clarinet. It's classic easy listening. 

The chuggers want them to move. They won't. Poundland are getting involved now, a full on row set to the pleasing noise of La Bamba. 

Who will win? Place your bets now. ",https://www.reddit.com/r/CasualUK/comments/99vu4u/im_watching_a_standoff_between_buskers_and/,1535101400.0,59,0.96,43,CasualUK,[deleted]
99vnqu,What was the dumbest thing you did at school?,"I fondly remember having a ""Yellow pages fight"" during IT and smashing the brand new ¬£600 smart board.

The teacher was 15 minutes late and we let ourselves in and came back to find yellow pages all over the floor, computers equipment everywhere and a smashed board. We blamed it on the Year 8 class before us and nothing came of it
",https://www.reddit.com/r/CasualUK/comments/99vnqu/what_was_the_dumbest_thing_you_did_at_school/,1535099064.0,145,0.97,277,CasualUK,HarryGoLocky
99vn5k,Morning Airport Beer. As is Tradition.,,https://i.redd.it/a3ya0naf30i11.jpg,1535098858.0,149,0.92,40,CasualUK,BlackShuckChuck
99vkuq,Believable made-up UK facts,"I remember somewhere that someone created a myth that you need a ¬£5 permit from the Post Office to take photos in the UK. Anyone have any other untrue-but-vaguely-believable facts?

Here‚Äôs my contribution: All milk bottles are the property of the Crown (a bit like swans) and if you break one, technically that‚Äôs treason and you can be put to death.",https://www.reddit.com/r/CasualUK/comments/99vkuq/believable_madeup_uk_facts/,1535098040.0,199,0.99,262,CasualUK,rasputinny
99vcar,"Highly inappropriate, but still funny vandalism at my local park.",[deleted],https://i.redd.it/6jqksxycszh11.jpg,1535095102.0,197,0.94,22,CasualUK,[deleted]
99v75l,"BBC News throwing shade, re: Edinburgh TV Festival Awards",,https://i.redd.it/4fjd24fgnzh11.png,1535093450.0,259,0.98,83,CasualUK,[deleted]
99v5dm,Found myself stuck looking through Asda reviews,,https://i.redd.it/2qvn4wkqlzh11.jpg,1535092872.0,233,0.98,30,CasualUK,Hutss
99v3jh,Too far?,,https://i.imgur.com/drvd3kS.jpg,1535092249.0,6669,0.91,519,CasualUK,9DAN2
99tar4,Scottish Highlands - an almost perfect reflection on a still April day [OC],,https://i.redd.it/c6iyksxr3yh11.jpg,1535074899.0,144,0.98,8,CasualUK,CrashMan47
99rxqa,It‚Äôs never dull in Hull,,https://i.redd.it/ll7k9xwq6xh11.jpg,1535063618.0,333,0.98,47,CasualUK,away_worker
99rv39,That‚Äôs one way to catch someone!,,https://i.redd.it/nsjp1i935xh11.jpg,1535063060.0,825,0.97,72,CasualUK,Scenik95
99r1k2,WTF?,,https://i.redd.it/4fmavpfelwh11.jpg,1535057032.0,78,0.92,57,CasualUK,FlickGC
99qs0u,FML,,https://i.redd.it/j3vzeqchhwh11.jpg,1535055124.0,141,0.93,49,CasualUK,redneon
99qqrb,Trying out alternative uses for my Crystal Maze crystal,,https://i.redd.it/mugijjfrgwh11.jpg,1535054880.0,145,0.97,44,CasualUK,Jezzle29
99q2v6,Appreciation post for legends like Chris,,https://v.redd.it/psjvq14u2wh11,1535050240.0,1461,0.99,99,CasualUK,DaCukiMonsta
99pq18,Surely one of the best number plates out there?,,https://i.redd.it/teh0yyhivvh11.jpg,1535047734.0,387,0.97,57,CasualUK,valesunny
99pbf6,Hardly ever a dull landscape in Cumbria,,https://i.redd.it/3p7nh5g3nvh11.jpg,1535044904.0,99,0.97,10,CasualUK,pistrel
99p9pu,"Took a pic to post, was gonna caption it ‚Äúgetting my daughter to watch a classic‚Äù, instead I got Pingu porn... perfect timing üòÇ",,https://i.redd.it/v4v3bil4mvh11.jpg,1535044581.0,222,0.96,23,CasualUK,chelseagamerx
99p1sd,Somewhere in the Highlands I found this beautiful spot,,https://i.redd.it/o8dbmpthhvh11.jpg,1535043100.0,104,0.97,8,CasualUK,tad2403
99oz9f,Screwfix advert is brilliant,,https://i.redd.it/3mys97jcgvh11.jpg,1535042632.0,2134,0.98,96,CasualUK,Jack_yyyy
99osrb,The 'furniture arrives tomorrow' setup.,,https://i.redd.it/n72770eicvh11.jpg,1535041357.0,565,0.98,61,CasualUK,EarlOfBronze
99oouv,Portsmouth your a little clingy,,https://i.redd.it/3d78k4vaavh11.jpg,1535040604.0,984,0.97,63,CasualUK,i_wantmyusername
99ohdv,Jack Russell transportation,,https://i.redd.it/mgos7u0t5vh11.jpg,1535039087.0,92,0.95,10,CasualUK,Screwdriverj
99o0ij,I just found out that all UK crisps best before date is a Saturday. Mind. Blown.,"Checked all the packets in the office. Appears to be true.

What a time to be alive.",https://www.reddit.com/r/CasualUK/comments/99o0ij/i_just_found_out_that_all_uk_crisps_best_before/,1535035756.0,59,0.89,17,CasualUK,corporaljustice
99nmnp,The highlight of my bus journey into work each morning is seeing this sign.(xpost from r/leeds),,https://i.redd.it/tmbuz5tkpth11.jpg,1535032886.0,113,0.99,11,CasualUK,ZombiesEatFlesh
99ncba,Some Seals chilling on a Scottish beach,,https://i.redd.it/eoxwt7wfguh11.jpg,1535030608.0,59,0.92,2,CasualUK,Imaginary_Disk
99muqo,Nothing quite so satisfyingly British as a freshly painted postbox,,https://i.imgur.com/FB5uz0M.jpg,1535026330.0,121,0.96,15,CasualUK,nick9000
99mne6,The British staple sandwich,,https://i.redd.it/lpocdv2ayth11.jpg,1535024448.0,1174,0.96,233,CasualUK,pullenl
99mlu8,Even the stock image shows a BMW trying to bully into traffic,,http://imgur.com/azH0tmL,1535024025.0,455,0.98,99,CasualUK,echoesreach
99migt,Spotted in my area on Gumtree.,,https://imgur.com/x7H7ImI,1535023081.0,71,0.97,9,CasualUK,Lopsidedcel
99mg7e,"Rentokil just quoted me ¬£347 to remove a single wasp's nest from my compost. Even the wasps are shaking their heads at that one, and they are renowned for being total dicks.","For the same price, I could buy 58 copies of the Bee Movie DVD and use them to squish the wasps individually.

&amp;#x200B;

Edit: Thank you for all the advice and ideas. It is truly appreciated. For the record, I am going to try and take care of it myself later tonight when it's darker and they apparently have their nap time, and if that doesn't work the council will do it for ¬£45.",https://www.reddit.com/r/CasualUK/comments/99mg7e/rentokil_just_quoted_me_347_to_remove_a_single/,1535022437.0,600,0.99,178,CasualUK,sutpenicity
99may6,My daily picture of planes appearing outside my office,,https://i.redd.it/zzkdzc1onth11.jpg,1535020881.0,195,0.96,53,CasualUK,Panixs
99m6m4,Not sure I fancy this takeaway near me..,,https://i.redd.it/3wizta6tjth11.jpg,1535019584.0,5833,0.97,124,CasualUK,EchoVixen
99m1qx,A fish and chip shop in North Yorkshire has translated its menu for Mandarin and Cantonese speakers to cope with an influx of Chinese tourists.,,https://www.bbc.co.uk/news/uk-england-york-north-yorkshire-45273575,1535018170.0,86,0.93,23,CasualUK,wrdb2007
99lz2k,Welcome to kfc how can I completely ruin your order today please,[deleted],https://i.redd.it/o2kfotoxcth11.jpg,1535017275.0,120,0.95,23,CasualUK,[deleted]
99lunq,A great reminder of why we love the UK!,"Thanks to everyone who has been commenting on some of the pictures I've posted over the last few days. My wife and I lived in the UK from 2012-2016 and have since returned to Australia. We actually lived in Watford (don't worry, I won't be posting any photos from there) so we took every opportunity to go exploring all around the UK. From Cornwall to Scotland and many places in between (although still not enough!) we were so lucky to get to spend a few years living in and discovering all that the UK has to offer. We hope to get back one day, but for now I am enjoying revisiting our experiences by posting some of my favourite photos I took during our travels. Also, I'm loving all of the other posts - so many references and jokes that my friends over here just do not get as they haven't lived in the UK. Cheers!",https://www.reddit.com/r/CasualUK/comments/99lunq/a_great_reminder_of_why_we_love_the_uk/,1535015810.0,93,0.95,11,CasualUK,CrashMan47
99ltj7,Bring back Panda Pops!,,https://i.redd.it/qvoxibwj7th11.jpg,1535015461.0,325,0.94,103,CasualUK,HarryGoLocky
99lqxa,Sky Bastard in Hastings,,https://m.imgur.com/tbd2Zap,1535014598.0,486,0.98,33,CasualUK,NunFace
99lq9o,"The Devil's Pulpit, near Craighat, Scotland.",,http://m.imgur.com/Wu0SgZr,1535014375.0,56,0.91,8,CasualUK,Helocopter
99lfm7,The vending machine at work apparently doesn't know what a ¬£1 coin is.,,http://i.imgur.com/O8l1bia.jpg,1535010677.0,136,0.97,19,CasualUK,lord_sparx
99le4w,I just walked past someone putting a dog poo in an envelope. I wander who‚Äôs the lucky recipient and what they did to deserve it.,,https://www.reddit.com/r/CasualUK/comments/99le4w/i_just_walked_past_someone_putting_a_dog_poo_in/,1535010148.0,101,0.94,10,CasualUK,moeeka
99ldak,I made the Craggy Island Parochial House from Father Ted in Far Cry 5 üê¥üé∏,[deleted],https://i.redd.it/tevko7mwqsh11.jpg,1535009863.0,1014,0.98,134,CasualUK,[deleted]
99lbwx,Even the Cosy Coupe's aren't safe these days.,,https://i.redd.it/a4bf0rhmpsh11.jpg,1535009432.0,291,0.97,29,CasualUK,mrssupersheen
99l5zu,For anyone undecided on where to go on holiday; Cyprus has Freddo cappuccinos,,https://i.imgur.com/RA9N9DB.jpg,1535007618.0,125,0.94,53,CasualUK,canamar
99kahj,Looking back from the base of Malham Cove in the Yorkshire Dales [OC],,https://i.redd.it/50l5947wrrh11.jpg,1534998154.0,167,0.99,12,CasualUK,CrashMan47
99iahm,Who decided this would be a great name for our shopping centre?,[deleted],https://i.redd.it/nqnxnjy6cqh11.jpg,1534980701.0,115,0.98,18,CasualUK,[deleted]
99i9x3,GCSE Results Megathread,[deleted],https://www.reddit.com/r/CasualUK/comments/99i9x3/gcse_results_megathread/,1534980581.0,118,0.96,265,CasualUK,[deleted]
99i7g9,Good luck everyone collecting their gcse results tomorrow. Even though you‚Äôve already done the exam and nothing can change your grades now.,,https://i.redd.it/xljpjxg4aqh11.jpg,1534980006.0,5693,0.98,247,CasualUK,AdamJefferies
99hvvp,Bit of a sappy post this,[deleted],https://www.reddit.com/r/CasualUK/comments/99hvvp/bit_of_a_sappy_post_this/,1534977470.0,95,0.93,32,CasualUK,[deleted]
99hv3y,How it is like to live in the Isle of Wright,[deleted],https://i.imgur.com/qmweBVv.jpg,1534977304.0,54,0.89,17,CasualUK,[deleted]
99hfpw,"Pot Noodle sandwich, yes or no? (Yes from me)",,https://i.redd.it/2t34pl6gsph11.jpg,1534974060.0,62,0.75,170,CasualUK,chelseagamerx
99go45,Amazed to see a whole section for Barry in Clinton's today,,https://imgur.com/X7zc3xL,1534968462.0,795,0.99,12,CasualUK,naturenet
99gnfa,"Hidden away on the city outskirts, one of my favourite walks.",,https://i.redd.it/yqkr2t1ebph11.jpg,1534968323.0,81,0.97,11,CasualUK,Maaatandblah
99gmgh,"Found this at work. At first i thought it was just a normal book about minecraft, but It's so much better...",,https://i.redd.it/x5iw6lrpaph11.png,1534968130.0,83,0.97,8,CasualUK,salty-sigmar
99g1l1,Every Year 11 in the country reading out their GCSE results tomorrow,,https://youtu.be/3ngU7Vgvhbw,1534964009.0,117,0.94,46,CasualUK,[deleted]
99fua9,Does anyone remember these. Amazing!,,https://i.redd.it/bt7xjik8uoh11.jpg,1534962572.0,79,0.93,25,CasualUK,FeelMyJars
99fod2,What‚Äôs the most unusual gift you‚Äôve ever received? The father in law just brought us this...,,https://i.imgur.com/nKjApus.jpg,1534961422.0,107,0.98,38,CasualUK,9DAN2
99feg8,Have any of you ever actually managed to pull this off? It‚Äôs been a dream of mine for many years.,,https://i.redd.it/oqiycwx7loh11.jpg,1534959540.0,322,0.99,43,CasualUK,February-
99fe7u,what does this sign mean lads? should i be worried?,,https://i.redd.it/d6amm2s4loh11.jpg,1534959494.0,61,0.98,26,CasualUK,tagmute
99f2ei,"There was a person in Bolton centre today, dressed as Karl pilkington.. playing the ukulele with a puppet. (Xpost with r/Bolton)",,https://i.redd.it/z5j93qqzdoh11.jpg,1534957221.0,316,0.98,30,CasualUK,mesk
99f16f,Avoid Leeds at all costs.,,https://i.imgur.com/XHD6HgV.jpg,1534956982.0,1008,0.99,51,CasualUK,[deleted]
99eywy,You can‚Äôt just come into someone‚Äôs house and CHANGE THEIR TOASTER SETTINGS,[deleted],https://www.reddit.com/r/CasualUK/comments/99eywy/you_cant_just_come_into_someones_house_and_change/,1534956531.0,113,0.98,22,CasualUK,[deleted]
99exc9,Think I will give the cider a miss today.,,https://i.redd.it/kq4z4g9eboh11.jpg,1534956228.0,52,0.95,6,CasualUK,tjw376
99esal,Spotted this at Middlesbrough train station üòÇ,,https://i.redd.it/vdlovase8oh11.jpg,1534955215.0,161,0.97,14,CasualUK,Petr0vitch
99eksz,Delicious.,,https://i.redd.it/2rvwmoi34oh11.jpg,1534953765.0,80,0.84,32,CasualUK,francis-McKeown
99dyhx,PSA: HMRC will not e-mail or call you about tax rebates,"I got a suspicious sounding email this morning claiming to be from HMRC telling me about a nice little tax rebate I was owed, so being the savvy Internetter that I am, I took to Google to dig up some more information. Every search result was something to the general effect of ""this is a scam, don't give them any personal information"" etc.

This is apparently quite a popular type of scam, so I'd like to encourage you all to be on your guard and if you do receive one of these emails, please forward it to the Phishing department at HMRC, details of which can be found on their website.",https://www.reddit.com/r/CasualUK/comments/99dyhx/psa_hmrc_will_not_email_or_call_you_about_tax/,1534949313.0,78,0.96,42,CasualUK,Uncle_Leo93
99dy6u,You never realise how many people you dislike until you need to name a baby,Tell me about your names horror stories.. work is quiet and I need a laugh,https://www.reddit.com/r/CasualUK/comments/99dy6u/you_never_realise_how_many_people_you_dislike/,1534949250.0,185,0.98,151,CasualUK,sarahchoups
99dl0b,"Heatwave killed our garden, really something special (we don‚Äôt have an outdoor tap)",,https://i.redd.it/9e8e31jdinh11.jpg,1534946469.0,57,0.95,50,CasualUK,EllaLion
99dhpf,Just had a scam call try tell me I'm wasting their time,"Person with a strong Indian accent on the phone, tells me my computer has a virus. I play along with them telling and pretending to do what they are staying. When they tell me to press ctrl+r i say the windows help desk has come up (thinking I really had them there) to which she hangs up on me after telling me in wasting her time! Excuse me but what is the whole point of your job?",https://www.reddit.com/r/CasualUK/comments/99dhpf/just_had_a_scam_call_try_tell_me_im_wasting_their/,1534945728.0,68,0.97,50,CasualUK,tedster156
99dgci,I kinda want to try it,,https://i.redd.it/lhvpcydefnh11.jpg,1534945458.0,78,0.93,37,CasualUK,Jorarl
99d8mv,Also known as urinary incontinence,,https://i.imgur.com/FphkZ6P.jpg,1534943720.0,115,0.96,7,CasualUK,[deleted]
99cxnt,CasualUK hall of fame - what needs to be included?,[deleted],https://www.reddit.com/r/CasualUK/comments/99cxnt/casualuk_hall_of_fame_what_needs_to_be_included/,1534941209.0,67,0.96,98,CasualUK,[deleted]
99ct48,A few of the classier number plates I've spotted around town.,,https://imgur.com/hQSQM1w,1534940061.0,68,0.95,26,CasualUK,Doofbags
99cfsf,I always wait for the green man if there's a parent with a young child waiting at the lights. Does anyone else do this? What other weird little things do you people do?,,https://www.reddit.com/r/CasualUK/comments/99cfsf/i_always_wait_for_the_green_man_if_theres_a/,1534936483.0,209,0.98,148,CasualUK,MellotronSymphony
99c4to,The crossover I didn't know I needed,,https://imgur.com/72XMONR,1534933123.0,89,0.94,20,CasualUK,scisteve
99c2mw,Phillip Schofield steals the show,,https://twitter.com/ladyhaja/status/1031852919036039168,1534932456.0,75,0.93,13,CasualUK,Obligatory_Username
99c1ur,Thanks for clearing that up BBC News,,http://imgur.com/c2DK6Bx,1534932203.0,236,0.99,7,CasualUK,scoob666
99byu0,As there are alot of mountain view pictures I thought I'd add mine. View from skiddaw mountain on Monday.,,https://i.redd.it/5f6whefx8mh11.jpg,1534931188.0,75,0.94,7,CasualUK,Wulfhere_of_Mercia
99bmn1,Someone trying to fight traffic,[deleted],https://v.redd.it/535174vquhh11,1534927031.0,158,0.98,51,CasualUK,[deleted]
99bm9v,I hate it when that happens,,https://imgur.com/gallery/YDKJMKS,1534926893.0,169,0.98,15,CasualUK,prezTrump
99bg9l,Has anyone else managed to pull over and capture this beautiful moment?,,https://i.redd.it/kufy987jplh11.jpg,1534924746.0,674,0.96,59,CasualUK,FroggyWombat
99bfk9,"Eid Mubarak, /r/CasualUK!","It's Eid-al-Adha, the start of the new Islamic year today (for me anyway, some of em did it yesterday).

Wishing you all a lovely day filled with festivities and spicy food x",https://www.reddit.com/r/CasualUK/comments/99bfk9/eid_mubarak_rcasualuk/,1534924505.0,334,0.78,134,CasualUK,Autisticunt
99bbbe,Giving the kids what they really want in their lunchbox,,https://i.redd.it/udod052oklh11.jpg,1534923057.0,108,0.97,5,CasualUK,Locovist
99b1l5,Angry locals amended the sign for this fully built but never opened Tesco superstore.,,https://i.redd.it/ubfdt5jmblh11.jpg,1534919977.0,768,0.99,54,CasualUK,Dungeonmeat
99avtw,What‚Äôs your perfect brew?,,https://i.redd.it/f49b2lt66lh11.jpg,1534918147.0,259,0.97,122,CasualUK,dontfearlionhere
999sbe,Thanks for the suggestion amazon!,,https://i.redd.it/xz3zyyfy9kh11.png,1534907314.0,59,0.9,13,CasualUK,XtraTriHard
997fn3,OTC Biological weapon.,,https://i.redd.it/graq0m4opih11.jpg,1534888386.0,57,0.94,39,CasualUK,[deleted]
996seq,My girlfriend tried to coax me out of bed. I'm ashamed to say it worked.,,https://i.redd.it/9qogkmi7cih11.jpg,1534883871.0,1560,0.96,56,CasualUK,AberrantConductor
996i59,Stefan Karl Stefansson A.K.A Lazytown's Robbie Rotten has died. Lets take a minute to remember his greatest moment.,,https://www.youtube.com/watch?feature=youtu.be&amp;v=ngk3Urrpa8k,1534881872.0,3130,0.94,127,CasualUK,skeletonmug
995mhp,Hello Dave,,https://i.ytimg.com/vi/QHdcP-WxSRE/hqdefault.jpg,1534875749.0,472,0.94,60,CasualUK,slaytina44
995i0h,I found this custom made biscuit tin in a Cancer Research UK charity shop. It's the greatest thing I've ever found,,https://i.redd.it/0lm2m8uglhh11.jpg,1534874887.0,271,0.98,33,CasualUK,purpleturtle47
995hgt,"Miles into the woods walking the dog and doing a bit of photography, yet scruffy twats still feel the need to do this.",,https://i.redd.it/fbrimpi2lhh11.jpg,1534874785.0,98,0.97,21,CasualUK,MeMuzzta
995h7m,kinda wholesome graffiti in a tube station toilet,,https://i.redd.it/miq1eet3lhh11.jpg,1534874740.0,56,0.95,13,CasualUK,Liam_Noble
994t66,Tell me David from Boots Westfield don't look like Will Smith,,https://twitter.com/Mr_Rmed/status/1031822801668395008,1534870171.0,126,0.94,32,CasualUK,quinn_drummer
994ao9,"The crow that's replaced its normal bird call with ""Y'alright love?"" in a Yorkshire accent",,https://youtu.be/RB3ruxchwaY,1534866624.0,60,0.89,7,CasualUK,C_von_Hotzendorf
993rwy,Got 50 quid out of the Daily Mail :),"After they reposted my reddit picture here
http://www.dailymail.co.uk/femail/article-5800423/US-stores-hilarious-British-foods-aisle-mercilessly-mocked.html
I remembered they will often pay. Couple of emails and 50 quid is on its way. 

That article has nearly 1000 comments. All that missed karma lol",https://www.reddit.com/r/CasualUK/comments/993rwy/got_50_quid_out_of_the_daily_mail/,1534862940.0,86,0.92,39,CasualUK,emailrob
993q5f,Got some bad news about your donkey Longleat.,,https://imgur.com/YiywyM4,1534862598.0,189,0.99,5,CasualUK,fozzie1984
993osi,Absolute monster on my stairs last night.. Don't worry I followed procedure and burnt down the house.,,https://i.redd.it/xp5aans6kgh11.jpg,1534862328.0,62,0.9,30,CasualUK,MC936
993jvg,"Driving into Glencoe, Scotland! Photo taken last winter :)",,https://i.redd.it/5zeod4s6hgh11.jpg,1534861324.0,164,0.98,16,CasualUK,pandasarefatbadgers
993hiz,"I fell off a very small rock whilst staying with friends and now my mum is having to get the train all the way down to Surrey to fetch me and my car, can somebody cheer me up with your own silly injuries over the years?",[deleted],https://i.redd.it/4sry0vnsfgh11.jpg,1534860844.0,232,0.95,278,CasualUK,[deleted]
992ylj,"I know many Americans keep guns and some of you might have baseball bats, but we keep this bad boy by the door for any intruders.. 0 crimes to date",,https://i.redd.it/zygzp1wi3gh11.jpg,1534856721.0,356,0.98,43,CasualUK,RandemMandem
992mo9,I have discovered the holy artifact,,https://i.redd.it/ca0r3ewctfh11.jpg,1534853325.0,139,0.95,24,CasualUK,TwentyHundredHours
992jrp,Sounds about right...,,https://i.redd.it/4vlmgk3sqfh11.png,1534852494.0,57,0.95,2,CasualUK,chunkyknit
992gr7,I've just fitted a new hard drive to my PC and everything went well. I pushed the power button at the precise moment my neighbour fired up a chain saw near my window.,Well that made me jump.,https://www.reddit.com/r/CasualUK/comments/992gr7/ive_just_fitted_a_new_hard_drive_to_my_pc_and/,1534851702.0,452,0.98,19,CasualUK,the_real_grinningdog
992g2f,Not exactly but I take the point...,,https://i.redd.it/j93tq4y2ofh11.jpg,1534851528.0,254,0.98,34,CasualUK,Onslow85
992c25,"A bin lorry reversed into a brand new BMW outside work yesterday - a police van, car and motorbike were necessary in calming the rising middle-class tensions.",,https://i.redd.it/cvoo07htafh11.jpg,1534850474.0,141,0.96,64,CasualUK,jackusD
992ab6,Steam train approaching Victoria this morning,[deleted],https://i.redd.it/mvib1xpbgeh11.jpg,1534849959.0,94,0.95,26,CasualUK,[deleted]
992758,The Daily Express predicts the bank holiday weather,,https://i.redd.it/ar3tne1fgfh11.png,1534849090.0,233,0.98,25,CasualUK,Saiing
9921z8,"Wife just found four dogs roaming the street. No collars, no tags. We took them in",,https://i.imgur.com/NqjOAqL.jpg,1534847492.0,154,0.95,83,CasualUK,kumquat_may
991kke,Taken while driving through the North York Moors,,https://i.redd.it/38ristqkveh11.jpg,1534841998.0,155,0.98,20,CasualUK,CrashMan47
991jxv,My local connexions has a casting couch.,,https://i.redd.it/imiun9a3veh11.jpg,1534841774.0,68,0.85,22,CasualUK,KojoKinaata
991hh5,Also snowdon,,https://i.redd.it/wfobl2vkseh11.jpg,1534840938.0,122,0.97,16,CasualUK,jr4lfc
991ct2,What on earth is this hybrid?,,https://i.redd.it/amq0v7dnneh11.jpg,1534839278.0,203,0.94,59,CasualUK,eurfryn
9913z7,You'll never guess what I overtook on the way to work this morning.,,https://vgy.me/XavaVo.jpg,1534836329.0,6997,0.96,272,CasualUK,HPB
9910a2,"Saw the other post about Snowdonia, Wales. Here's a pic from the top.",,https://i.redd.it/8hlawh1gbeh11.jpg,1534835171.0,461,0.98,60,CasualUK,ReachyMcreacherson
98x5if,"Taken last year in Bethesda, Snowdonia. First time in Wales!",,https://i.redd.it/p36n7h6a5bh11.jpg,1534796777.0,1777,0.99,96,CasualUK,BurdonLane
98x4f8,Please have your penis ready,,https://i.redd.it/nlhal7um4bh11.png,1534796564.0,330,0.97,46,CasualUK,BagnalI
98wyo0,Handed my notice in at work today!,"Just felt like sharing the happy moment.

Tastes like freedom.",https://www.reddit.com/r/CasualUK/comments/98wyo0/handed_my_notice_in_at_work_today/,1534795493.0,57,0.93,21,CasualUK,wondermite
98wy0b,"Takeaway criticised for selling 5,000-calorie box of fried food for under ¬£10",[deleted],https://metro.co.uk/2018/08/20/takeaway-criticised-for-selling-5000-calorie-box-of-fried-food-under-10-7861960/,1534795366.0,73,0.92,51,CasualUK,[deleted]
98wezj,Who do you call when these guys block you into your driveway?,,https://i.redd.it/4swi6oy7qah11.jpg,1534791708.0,374,0.98,110,CasualUK,LazinessPersonified
98w7qk,I've just ordered an obscene amount of Indian takeaway,"As is the British way. No way I'm gonna eat it all.

The problem is I'm going to have to do that thing where you pretend there's another person home so they don't judge you on the sheer volume of food. Everyone else does that, right? ",https://www.reddit.com/r/CasualUK/comments/98w7qk/ive_just_ordered_an_obscene_amount_of_indian/,1534790310.0,66,0.9,55,CasualUK,[deleted]
98w7ji,Has anybody here tried garlic bread flavour rock? If so what does it taste like?,,https://i.redd.it/9wzw487ulah11.jpg,1534790266.0,121,0.99,43,CasualUK,Adnamadam
98vps2,Out on a drive with his snake...,,https://i.imgur.com/CGmqqq4.jpg,1534786920.0,103,0.97,11,CasualUK,The-Potato-Lord
98uhzv,West Midlands train ‚Äòhumour‚Äô,,https://i.redd.it/wwe5r40sm9h11.jpg,1534778449.0,77,0.96,19,CasualUK,Unihedge
98tf05,EE can‚Äôt be doing with my negativity!,,https://i.redd.it/kb2xhgnuy8h11.jpg,1534770396.0,172,0.99,21,CasualUK,mintymound
98t7bm,Lenny Henry - TV is dead. A full length 'This Is America' parody about shitty British TV.,,https://www.youtube.com/watch?v=HEjqmjeTi9Q,1534768579.0,153,0.97,87,CasualUK,Naggers123
98t1cs,Just chucked over the unlocked side gate in the pouring rain and didn‚Äôt even knock on my door. This is pretty much what I expected when I heard my package was arriving by Hermes.,,https://i.imgur.com/StQg4ky.jpg,1534767037.0,194,0.97,48,CasualUK,9DAN2
98sywn,"Last monday I walked up Y Garn in Snowdonia, wishing I was back there this morning...",,https://i.imgur.com/onE1gqW.jpg,1534766392.0,95,0.98,11,CasualUK,Zopies
98sv88,Someone's post last week encouraged me to register in the hopes that I could be a match. 5 minutes is all it took :),,https://i.redd.it/r4odumpvj8h11.jpg,1534765368.0,57,0.94,17,CasualUK,Froobyxcube
98stil,My 86 year old Grandfather-in-law is cycling on his own from Land's End to John O'Groates. Please if you're on the route keep an eye out for him and support with water/food,,https://www.reddit.com/r/unitedkingdom/comments/98ssch/my_86_year_old_grandfatherinlaw_is_cycling_on_his/,1534764903.0,85,0.94,4,CasualUK,[deleted]
98ss65,Who here remembers Bullfrog's Theme Hospital? Ex-Bullfrog employees are making a spiritual successor that I just found out about!,,https://www.twopointhospital.com/,1534764523.0,67,0.93,54,CasualUK,benanderson89
98sp9k,Crouching Tiger....,,https://i.redd.it/1f6xdvvye8h11.jpg,1534763712.0,1001,0.99,12,CasualUK,-Bungle-
98sosr,Fish and chips served at nearby pub from where i live,,https://i.redd.it/k2clec5ee8h11.jpg,1534763573.0,329,0.95,142,CasualUK,Nuns_In_Crocs
98snou,Wow,,https://i.redd.it/e9yx58xld8h11.jpg,1534763254.0,477,0.94,33,CasualUK,aragorn-1
98sgba,Prioritising what to pack for my trip to Canada and the US,,https://i.redd.it/5oic0izt68h11.jpg,1534760977.0,781,0.96,107,CasualUK,huskydaisy
98sfpk,Hiked to North of Wales for the first time,,https://i.redd.it/rj04ei8568h11.jpg,1534760779.0,52,0.93,14,CasualUK,SoberRufus
98s9ey,"Blackpool, UK üá¨üáß",,https://i.redd.it/7von1hub08h11.jpg,1534758788.0,125,0.96,26,CasualUK,Kentyavfc
98s7ec,I present the corridor that was flooded in Harry Potter and the Chamber of Secrets. It can also be seen in the 4th movie as well when harry and ron are teasing first years while stood on the siding to the left.,,https://i.redd.it/u6otf6eay7h11.jpg,1534758104.0,96,0.95,21,CasualUK,imfromimgur97
98s55v,"Playing football, running, climbing, going out, these shoes could do it all.",,https://i.redd.it/6sx4ngr1w7h11.jpg,1534757346.0,357,0.98,53,CasualUK,hunterfam55
98rva2,Ah yes the four regions of the U.K.,,https://i.redd.it/qg0a64kql7h11.jpg,1534753879.0,2023,0.99,93,CasualUK,Fayliex1709
98r8ji,"A visit to The Eden Project, Cornwall",,https://i.redd.it/oel1ced8z6h11.jpg,1534746315.0,9707,0.96,434,CasualUK,Amberl0uise
98r35x,Lidl vs Aldi - which items are better in which shop?,"Where I live, there‚Äôs an Aldi 15 minutes walk in one direction, and a Lidl 15 minutes in exactly the opposite direction. I used to go to both pretty much evenly, but then I started baking bread and Lidl sells good bread flour, whereas Aldi does not. So Lidl is now my supermarket of choice.

I did go to Aldi yesterday on a one-off, however, and it got me thinking about which store does what better. Hoping some of you can contribute.

Aldi does much better cheddar cheese. Lidl‚Äôs falls apart and is almost crumbly, in a bad way. I bought 3 blocks of it in Aldi yesterday.

Lidl‚Äôs wine selection is better presented - it has more product information. Beer is about the same between both.

Aldi‚Äôs ‚Äòpremium‚Äô ground coffee is better than Lidl‚Äôs.

Lidl has the superior nut selection, and even has a help yourself bit with scoops etc. Pro tip - by weight, the unsalted cashew nuts are significantly cheaper in the pre-packed bag than  the salted ones in the help yourself bit. If you wanted salted, it‚Äôs still well worth it to buy the unsalted ones and sprinkle a bit of salt on them. 

Aldi does a shower gel made by ‚ÄòLacura‚Äô (probably their own brand?) It‚Äôs like a knock off of the ‚ÄòSanex‚Äô brand - comes in a white bottle with a blue cap. Lasts about a month, is actually all round a really good shower gel, and is about 99p. Nothing close at Lidl.

I have too much time on my hands. ",https://www.reddit.com/r/CasualUK/comments/98r35x/lidl_vs_aldi_which_items_are_better_in_which_shop/,1534744613.0,71,0.92,134,CasualUK,Shryke123
98oi4z,I thought Bungle was in a retirement home. Wtf?,,https://i.imgur.com/Y9bluSa.jpg,1534720269.0,250,0.98,23,CasualUK,owzleee
98ocj6,No-one curled a sausage like Wimpy,,https://i.redd.it/ew0pmu6wp4h11.jpg,1534718956.0,70,0.97,56,CasualUK,indytim_on_reddit
98ncta,Scottish voice recognition,,https://v.redd.it/vci9spim23h11,1534710984.0,139,0.94,12,CasualUK,LilyFaye91
98mxk0,"Grandparents came on holiday to spain with us and after only 6 days that have drunk, with my parents, 23 bottles of wine (one cork is from olive oil). Just ur average uk holiday makers.",,https://i.redd.it/ap01cfunr3h11.jpg,1534707670.0,64,0.96,21,CasualUK,TheSpanishC4
98mues,Lest we forget the Kersal Massive,,https://youtu.be/uja3W-ibifc,1534706963.0,60,0.98,23,CasualUK,allthesounds
98mqw7,"I decided to check where the nearest Taco Bell is in the UK. Basically, they're avoiding me.",[deleted],https://i.redd.it/ukdwwkazn3h11.jpg,1534706206.0,177,0.96,167,CasualUK,[deleted]
98mgmj,Doing some DIY. Glad I've got this guy helping clean up after me.,,https://i.redd.it/wu1tmgjfh3h11.jpg,1534704006.0,52,0.97,14,CasualUK,gee_four
98mdul,"I've only seen these at Asda north of the border. Never change Scotland, never change.",,https://i.redd.it/88e1txjmf3h11.jpg,1534703402.0,133,0.97,39,CasualUK,SavageMurphy
98m8qk,Sex trafficking in Wales has really got out of control recently...,,https://i.redd.it/9tko8pfec3h11.gif,1534702324.0,365,0.89,20,CasualUK,bigbobba1234
98lsz8,So we were off to a restaurant called 'the wet wok' which was located on 'hoe road' which turned out to be on 'hoe foreshore'. I just can't make this shit up.,,https://i.redd.it/tyx9sefc23h11.jpg,1534698930.0,244,0.97,30,CasualUK,sbbal05
98lnar,Spotted in Tesco...,,https://i.redd.it/vn8guozpy2h11.jpg,1534697714.0,85,0.96,9,CasualUK,tdagarime
98lc23,You can stick headlights on any house hold appliance and it would be an insta-buy from me. I‚Äôm way more impressed then I should be over the new hoover.,,https://i.imgur.com/S1RP6lR.jpg,1534695220.0,96,0.98,23,CasualUK,9DAN2
98kyrm,Hopefully two separate departments...,,https://i.redd.it/bw126ve0i2h11.jpg,1534692097.0,86,0.92,3,CasualUK,rubberhedgehog_RDT
98kwit,Manchester Piccadilly railway station ahead of pride weekend.,,https://i.redd.it/npc7yp7gg2h11.jpg,1534691572.0,94,0.89,27,CasualUK,Riley_Mcr
98kqr0,"I made some chocolate cupcakes, covered in Nutella icing and tipped with a piece of Bueno for a mate's birthday.",,https://i.imgur.com/nR2FH84.jpg,1534690199.0,149,0.96,17,CasualUK,anagoge
98kevv,Eastgate Clock - ‚Äòthe second most photographed clock in the UK‚Äô,,https://i.redd.it/5tk9we2e32h11.jpg,1534687177.0,129,0.97,27,CasualUK,dogsALLDAY
98kesn,A display of Corona bed with pot noodle night stands. The life expectancy in my area is quite low.,[deleted],https://i.redd.it/x1nkily832h11.jpg,1534687155.0,288,1.0,18,CasualUK,[deleted]
98k5d4,Quite pleased with my purchase.,,https://i.redd.it/o6xtlrz8v1h11.png,1534684450.0,324,0.97,29,CasualUK,Fosse22
98k53r,"An elephant sculpted onto the head of a pencil - found this in a pencil museum in Keswick, UK",[deleted],https://i.redd.it/xwe18lezu1h11.png,1534684369.0,68,0.98,17,CasualUK,[deleted]
98k1xk,Someone is eating post boxes in Plymouth!,,https://i.imgur.com/ZrN5HSt.jpg,1534683478.0,94,0.99,22,CasualUK,MushyBeans
98k0yl,Went to see the carrier leaving Portsmouth for America yesterday,,https://imgur.com/gallery/GPls1Sa,1534683148.0,52,0.98,29,CasualUK,elboydo
98jzbi,American... doubt.,,https://i.redd.it/wiv8h3jip1h11.jpg,1534682637.0,229,0.98,69,CasualUK,Ambrose_M-f
98jwul,Pretty sure the circulation for The Telegraph is made up of people who buy it in WH Smith‚Äôs at the airport to get the ‚Äúfree‚Äù bottle of Buxton.,The water costs more to buy on its own. The newspaper goes straight into the recycling bin. This has to be a conspiracy to ensure The Telegraph has a readership... ,https://www.reddit.com/r/CasualUK/comments/98jwul/pretty_sure_the_circulation_for_the_telegraph_is/,1534681847.0,54,0.93,10,CasualUK,LottieCrump
98jwah,When you forget your pound for the trolley,,https://i.redd.it/09xraz3zm1h11.jpg,1534681656.0,104,0.97,36,CasualUK,mackay11
98jua0,Who agree's that this is the most fucked up thing ever introduced to kids.,,https://i.redd.it/dy91v80uk1h11.jpg,1534680965.0,1329,0.98,89,CasualUK,FunOrder
98jpho,"Remember the post about finding a Cadbury's Dream bar at Kuala Lumpur International Airport - well, the airport got in touch, and sent me 12 more!!",,https://imgur.com/a/eXUAtOk,1534679304.0,371,0.98,45,CasualUK,AnnieIWillKnow
98jkdp,"Frenchmen, know your limits!",,https://i.redd.it/ndtpr7i8a1h11.jpg,1534677399.0,277,0.98,41,CasualUK,Furtler
98jhww,I'd always imagined it would be much bigger...,[deleted],https://i.redd.it/q7wgu8of71h11.jpg,1534676454.0,11967,0.97,178,CasualUK,[deleted]
98jfpz,Wait a minute...,,https://i.redd.it/l51lezyt41h11.jpg,1534675562.0,164,0.98,26,CasualUK,psgenius
98jfma,Has anyone else ever rented a ‚Äòmystery‚Äô car?,,https://i.redd.it/kpl5k3cm41h11.jpg,1534675523.0,106,0.98,59,CasualUK,-Bungle-
98jb6p,Off the rails,,https://imgur.com/AzFpsOh,1534673790.0,634,0.98,36,CasualUK,fireball_73
98j76y,Isn‚Äôt Britain wonderful,[deleted],https://i.redd.it/npc4qasxu0h11.jpg,1534672226.0,662,0.97,92,CasualUK,[deleted]
98j16z,Found in a Malaysian shopping mall,,https://i.redd.it/2mf1j3vdn0h11.jpg,1534669686.0,5174,0.95,286,CasualUK,[deleted]
98ix3f,Anyone else at a carboot this Sunday?,,https://i.redd.it/9xpn3btci0h11.jpg,1534668048.0,81,0.95,60,CasualUK,omnomnominator1
98irru,Lad goes from work to the club,[deleted],https://i.imgur.com/jbawIsv.jpg,1534665897.0,159,0.96,31,CasualUK,[deleted]
98g3jr,Tired of people parking infront of my driveway,,https://i.redd.it/y05uemx0xxg11.jpg,1534636621.0,192,0.95,37,CasualUK,LewisMNorth
98fqm1,Egg mate,,https://i.redd.it/127klpd1nxg11.jpg,1534633249.0,284,0.99,21,CasualUK,skinluggage
98fj0e,M&amp;S advertising is starting to sound threatening...,,https://i.redd.it/9xmiwut8hxg11.jpg,1534631302.0,196,0.99,7,CasualUK,Th3_Man_Who_Laughs
98fctm,The BBC website has an interesting definition of ‚Äòuplifting stories‚Äô,,https://i.redd.it/abmpmuikcxg11.jpg,1534629781.0,72,0.95,8,CasualUK,Fornad
98f8gi,When the UK remade FRIENDS ( Kind of but not really...),[deleted],https://www.youtube.com/watch?v=m-G_grZx8JE,1534628722.0,81,0.93,22,CasualUK,[deleted]
98euum,Nostalgic,,https://i.redd.it/fuemx2x40xg11.jpg,1534625545.0,245,0.97,39,CasualUK,chelseagamerx
98ecap,Have you seen Stevie Wonders kitchen?!,,https://i.imgur.com/luw8Abd.jpg,1534621250.0,94,0.97,7,CasualUK,Lav_
98eabl,When the cloakroom had to be evacuated because some poor sod had one of these poured into their school bag..,[deleted],https://i.redd.it/uwk1ppxm5wg11.jpg,1534620783.0,92,0.95,28,CasualUK,[deleted]
98e7l1,There is a special place in hell for people that do this.,,https://i.redd.it/crgv3cw2kwg11.jpg,1534620149.0,344,0.97,73,CasualUK,beIIe-and-sebastian
98dli5,The graft came to fruition....,,https://i.redd.it/s66ro9sg5wg11.jpg,1534615232.0,67,0.93,8,CasualUK,deviationbydesign
98di7m,My dad's really cute party for me for getting into university üòÇüòÇüéäüéä,[deleted],https://i.redd.it/5y0znkz33wg11.jpg,1534614501.0,5001,0.97,213,CasualUK,[deleted]
98dbdz,Second funniest thing I saw on today's hike,,https://i.redd.it/y90hgnroyvg11.jpg,1534612972.0,248,0.98,16,CasualUK,glyn77
98dbal,Loose Women,,https://i.redd.it/4nti46loyvg11.jpg,1534612951.0,123,0.97,26,CasualUK,xtinalouise93
98d6nx,One years worth of bottle caps as the centerpiece of our new flat. Excepting a call from the Tate Modern any day now.,[deleted],https://imgur.com/Kre4czY,1534611924.0,61,0.87,20,CasualUK,[deleted]
98d4ep,Spotted Scooby and the gang in North London,,https://i.redd.it/ltillf65uvg11.jpg,1534611428.0,90,0.95,11,CasualUK,mroofuuus
98ccoo,"Dangerous bendingof the rules to award a highly commended even. At the same show a plate of runner beans was disqualified *untasted* because there were only 5 of them instead on the 6 required. One entry was ominously labelled ""see steward"". I've never been in so tense a marquee.",,https://i.redd.it/n7g0neb4bvg11.jpg,1534605049.0,67,0.94,32,CasualUK,LEDspotlight
98c531,"Overheard a mother pointing this out to her son saying ‚Äúsee?‚Äù. He responded by saying ‚Äúyeah, but what about a Jaffa Cake?!‚Äù",,https://i.redd.it/tvs66viu5vg11.jpg,1534603264.0,124,0.99,10,CasualUK,RDHertsUni
98brjy,My Asda broccoli came with a free caterpillar. Yum yum!,,https://imgur.com/baae9vn,1534599794.0,58,0.88,22,CasualUK,AdamNRG
98bkkj,I feel like there may have been a better way to show this,,https://imgur.com/QQSCunm.jpg,1534597832.0,219,0.97,34,CasualUK,[deleted]
98b7us,The obligatory ‚Äúwow they‚Äôve gone up quick‚Äù when you drive past a new housing development with someone else in the car.,,https://www.reddit.com/r/CasualUK/comments/98b7us/the_obligatory_wow_theyve_gone_up_quick_when_you/,1534593887.0,378,0.98,37,CasualUK,RealJesus2018
98b7td,Oh bugger they're learning.,[deleted],https://i.redd.it/2fobjqevdug11.jpg,1534593876.0,306,0.95,21,CasualUK,[deleted]
98b0ul,"Opened up a pack of Aldis own salt and shake crisps, maybe I should stick the lottery on.",,https://i.redd.it/1z7su2ka7ug11.jpg,1534591633.0,488,0.99,34,CasualUK,ConzLord
98ayi9,"Hold my towel, I'm going in",,https://i.redd.it/60q84baq4ug11.jpg,1534590795.0,407,0.97,67,CasualUK,Roxygen1
98aw70,"Whenever I see the massive long crowds of people walking to a match, I wonder how many people you'd need to redirect before everyone else starting following them like a line of ants and you could lead them all into a trap","90% of them are just following everyone else, after all",https://www.reddit.com/r/CasualUK/comments/98aw70/whenever_i_see_the_massive_long_crowds_of_people/,1534590024.0,138,0.97,17,CasualUK,Nicksaurus
98atk2,My Dutch girlfriend just made me this cup of tea. I‚Äôll be holding a performance review this afternoon,[deleted],https://i.redd.it/2hhbhqrkztg11.jpg,1534589039.0,161,0.93,67,CasualUK,[deleted]
98amgy,I found a Smarties box in my loft that expired in 2004,,https://imgur.com/IzInxSe,1534586433.0,158,0.98,29,CasualUK,ItsBlatantlyBally
98ah34,What will they think of next!,,https://i.redd.it/qndov9rbltg11.jpg,1534584343.0,147,0.95,67,CasualUK,ChamberedSwatch
98ab6s,Avengers Infinity War knew what was happening when they put the characters in Scotland,,https://i.redd.it/yakdl1simqg11.jpg,1534582130.0,356,0.97,50,CasualUK,alexc1000
98a3sf,"PSA: If you are off to university this year, make sure you have your vaccine for Meningitis W first","[Meningitis W](https://www.meningitis.org/meningitis/what-is-meningitis/bacterial-meningitis/meningococcal-group-w-(menw)) has been on the increase year on year, it is usually quite rare but a particularly virulent  strain has been identified.

'Freshers flu' is common, because you suddenly have an influx of people, from all different parts of the country carrying bugs your body has not seen before. Within that hotpot of pathogens, Meng W has an opportunity to flourish. So make an appointment now and get the jab. 

EDIT: Ugh I cannot get the link above to work with the formatting, here is the link in all its raw glory https://www.meningitis.org/meningitis/what-is-meningitis/bacterial-meningitis/meningococcal-group-w-(menw)",https://www.reddit.com/r/CasualUK/comments/98a3sf/psa_if_you_are_off_to_university_this_year_make/,1534579322.0,189,0.97,43,CasualUK,Variola13
98a2uv,It‚Äôs the public transport code,,https://i.redd.it/c9upuhjn5tg11.jpg,1534578973.0,16580,0.96,263,CasualUK,Thrillho1234
989uw3,Asda review. 5 stars,,https://i.redd.it/q7z4lvhswsg11.jpg,1534575996.0,168,0.97,6,CasualUK,mallenstreak
989tsb,YOU SHALL NOT PASS!,,https://i.redd.it/nlc056kqvsg11.jpg,1534575649.0,498,0.98,48,CasualUK,ArtistEngineer
989h1q,"I woke up with no pillows this morning, my dog had stolen them and was using them. üôÑü§¶üèª‚Äç‚ôÇÔ∏è",,https://i.redd.it/miu421t1jsg11.jpg,1534571400.0,114,0.92,15,CasualUK,millsytime
987qxc,Better than being stuck behind a tractor i suppose,,https://i.redd.it/k1uoyy5i4rg11.jpg,1534554375.0,57,0.95,5,CasualUK,DanielEvans2160
986fhn,"Was recently in Newcastle, the street art here is really something",[deleted],https://i.redd.it/pagpg1477qg11.jpg,1534543173.0,68,0.91,12,CasualUK,[deleted]
986bvg,Trying these for the first time....,,https://i.redd.it/y0tp2ixt4qg11.jpg,1534542379.0,50,0.86,30,CasualUK,nabildad7
98685d,Never missed the UK so much.,"So I'm on a family trip to New York, and we decided to get some shopping done early this morning. Went to the largest department store in the city (Macy's). 
We had to wait a couple of minutes for it to open, and to our horror, the entire staff team had formed a little parade inside for the first customers of the day; which were pretty much just us. 
Blasting Arethra Franklin, (RIP), they filmed, cheered, and forcibly high fived us for what felt like an eternity.

Worst experience of my life. Had this happened in the UK, I feel I would be entitled to compensation for emotional trauma. Has anyone else had to endure one of these?",https://www.reddit.com/r/CasualUK/comments/98685d/never_missed_the_uk_so_much/,1534541576.0,517,0.98,104,CasualUK,deputy_doo_doo
9864tx,Only in Leicester,,https://i.redd.it/r2m23iz70qg11.png,1534540826.0,95,0.98,9,CasualUK,TobyC_
9864o0,what an insult,,https://i.redd.it/7572qlv30qg11.jpg,1534540789.0,123,0.98,18,CasualUK,Intellectual69
9863mo,If another person comes up to me and says I‚Äôm quiet I‚Äôm going to flip shit.,Yes I‚Äôve been like this my entire life and I‚Äôm nearly 20 you‚Äôd think I would‚Äôve fucking noticed Sandra but no you feel the need to fucking remind me everyday. If I wanted to be reminded of this crippling issue I‚Äôd have added it to my sixty million other fucking reminders you fucking prick!! ,https://www.reddit.com/r/CasualUK/comments/9863mo/if_another_person_comes_up_to_me_and_says_im/,1534540571.0,63,0.94,29,CasualUK,OzziePeck
98617w,Am I the only one that thinks The Last Leg is overrated?,"Its just not that funny to me any more, a hell of a lot of jokes fall flat.",https://www.reddit.com/r/CasualUK/comments/98617w/am_i_the_only_one_that_thinks_the_last_leg_is/,1534540053.0,65,0.97,41,CasualUK,cowbap
985o9s,The abomination in this Milkybar button pack!,,https://imgur.com/K7sBDPm,1534537369.0,78,0.93,12,CasualUK,Pablothehut1
9859s4,Be smart. Keep your family and possessions safe from Scousers today.,,https://i.redd.it/nut3oagahpg11.jpg,1534534460.0,279,0.96,18,CasualUK,[deleted]
98595o,Speed Camera for Aircraft?,,https://i.redd.it/dza4bvvxgpg11.jpg,1534534343.0,102,0.99,12,CasualUK,sambeard123
9858yb,Ok.,,https://i.redd.it/un2o8o0tgpg11.jpg,1534534299.0,81,0.89,5,CasualUK,Sidthegeologist
985709,No funny bus-ness in Stockport tonight..,,https://i.redd.it/e2b6waxnfpg11.jpg,1534533913.0,153,1.0,11,CasualUK,EchoVixen
984r6w,Devastating photo.....RIP good sir....,,https://i.redd.it/04agu5686pg11.jpg,1534530739.0,14049,0.93,306,CasualUK,ConsciouslyIncomplet
984491,The search is over. Jesus lives in Slough. Thank you everyone who helped.,[deleted],https://i.redd.it/ivwd25bnsog11.jpg,1534526172.0,64,0.96,3,CasualUK,[deleted]
983rvg,Nice One Brruvvvaaaa,,https://v.redd.it/ktzcp7edlog11,1534523793.0,101,0.97,42,CasualUK,gamelink99
983jap,Don‚Äôt mean to brag about my banging friday night but guess who just got some discount cheese from Morrisons,"The Best Wyke Ivy‚Äôs Vintage Cheddar. Was ¬£2.14, now ¬£1.07. Honestly, the world is my oyster.",https://www.reddit.com/r/CasualUK/comments/983jap/dont_mean_to_brag_about_my_banging_friday_night/,1534522093.0,170,0.96,26,CasualUK,archbish
983is8,Not my pic! But this dude cycled past me yesterday. Think he looks awesome!,[deleted],https://i.redd.it/kkzbc0d7gog11.jpg,1534521987.0,213,0.98,24,CasualUK,[deleted]
983cql,I saw the new-ish Mini Cooper Union Jack lights for the first time today.,[deleted],https://i.redd.it/3239c3qocog11.jpg,1534520804.0,63,0.9,30,CasualUK,[deleted]
982nfw,If my childhood taught my anything - its that this is definitely the way to catch a mouse,,https://i.redd.it/zoz79k17xng11.jpg,1534515597.0,120,0.94,9,CasualUK,thelostboy00
982fpv,I'm addicted to Weetabix,"I know this sounds absurd, petty and silly, but I really do have a genuine problem. For years now I've eaten two Weetabix and an apple for breakfast. A nutritious and satisfying start to the day. This arrangement was fine, until about a month and a half ago. That was when the cravings started. 

At random points in the day, I would just get suddenly, desperately hungry - hungry for Weetabix. Maybe when I got home from school, or on a Saturday morning, I'd feel the urge and eat a couple. It was about this time that I moved on from just taking them with milk. I started buttering my Weetabix - I even ate a few dry. 

But things got worse. I found myself reaching for the yellow box more and more frequently. I couldn't stop myself. Worse still, I found that when the hunger came, it could often no longer be sated by just two Weetabix. I just kept going back for more - and now that I was taking up to four at a time, my daily consumption regularly hit double figures. 

I don't know what to do. For three days in a row, my two breakfast Weetabix haven't been enough. I had four this morning, and four more a few hours later, and I just know that it won't be long before I eat again. I've tried replacing them with toast, oatcakes, even cornflakes, but nothing's the same. And every time it takes more to achieve the same satisfaction. The family packs are cheap in Lidl, but all the same I'm spending risible sums on my cereal habit and something's got to change. I just can't take much more.",https://www.reddit.com/r/CasualUK/comments/982fpv/im_addicted_to_weetabix/,1534513962.0,358,0.98,114,CasualUK,elbow_of_rassilon
981xxg,Apparently even the Police can get parking tickets,,https://i.imgur.com/aYr5kPu.jpg,1534509789.0,164,0.98,40,CasualUK,Overflooow
981q4o,Couldn't eat a whole one,,https://i.redd.it/43jvdl10ang11.png,1534507822.0,75,0.95,14,CasualUK,stutter-rap
981cdk,PSA - 15% of eBay today (code: PIGGYBANK),,https://www.reddit.com/r/CasualUK/comments/981cdk/psa_15_of_ebay_today_code_piggybank/,1534503896.0,54,0.94,21,CasualUK,ac13332
98187h,The worst part of going abroad,,https://i.imgur.com/Vyx75N7.jpg,1534502604.0,62,0.92,29,CasualUK,[deleted]
9817ck,An unfortunately British line break,,https://i.imgur.com/GMiOiGd.png,1534502325.0,49,0.87,4,CasualUK,SEOip
980z11,Painted Great Britain on my wall and I'm slowly adding landmarks. Need suggestions on what to add please!,,https://i.redd.it/0sj5llsnlmg11.jpg,1534499686.0,151,0.98,217,CasualUK,Fithboy
980yk2,Love this stock image used on BBC News website!,,https://i.imgur.com/Y8aXtKs.jpg,1534499531.0,59,0.97,9,CasualUK,Rolf__Harris
980rts,I smirk every time I see the ‚Äòplease let me pull out‚Äô sticker on the busses.,,https://i.redd.it/u0i91x8memg11.jpg,1534497241.0,293,0.98,28,CasualUK,CosmicRay22
980rag,Peppa is couture apparently,,https://i.redd.it/z3y76ab2emg11.jpg,1534497056.0,430,0.99,44,CasualUK,itaintmatt
980qz8,Cracking reviews,,https://i.redd.it/dif23wfcdmg11.png,1534496942.0,197,0.98,50,CasualUK,Imlookinfornipsy
980q49,How‚Äôs your Friday starts off?,"So, was in Tesco just picking a few things up before work as I‚Äôm finishing late and it‚Äôll be shut by time I get out, one of the things I bought was razors for my gf. So when I was getting served at the counter the woman made a joke about how I‚Äôve got very good taste in razors then I just kinda fell into me saying my gf shaves more than me and they were for her (I just don‚Äôt grow facial hair it‚Äôs pretty weird).

The cashier started kinda joking about herself in a humble way saying even she has to shave her top lip from time to time and for some fucking reason I‚Äôm my un-Greggsed up state I decide to say ‚Äúwell by the looks of it you‚Äôre growing better than I can‚Äù..... 

She was red, I was red, it wasn‚Äôt a good start to my day. So, how‚Äôs yours going? 

Edit: Starting* title fuckup.",https://www.reddit.com/r/CasualUK/comments/980q49/hows_your_friday_starts_off/,1534496641.0,75,0.95,115,CasualUK,cliffwob
980ojw,I posted a prank status on my wife's facebook and discovered something awful about her friend,,https://i.redd.it/xn5lsbb7bmg11.png,1534496128.0,1363,0.98,81,CasualUK,JimBroke
980ofc,SHAMEFUL,,https://i.redd.it/887otre6bmg11.jpg,1534496086.0,69,0.91,32,CasualUK,[deleted]
980gjh,"Pound stretcher bargain, also had flamin hot but no pickled onion (in date too)",,https://i.redd.it/k3t1ndem2mg11.jpg,1534493212.0,81,0.94,28,CasualUK,claireinmanchester
980g16,Lovely - Free dry cleaning for job interviews if you are unemployed,,https://i.redd.it/jqxrgxz42mg11.jpg,1534493045.0,9684,0.94,203,CasualUK,admsrl
9808ke,Think the NWP hired my dad to run social media.,,http://imgur.com/a/QiFOdhC,1534490472.0,55,0.97,6,CasualUK,[deleted]
9800sm,B.F.S - Banana For Scale?,[deleted],https://c1.staticflickr.com/1/790/27602458968_beb36a558f_b.jpg,1534487981.0,229,0.94,19,CasualUK,[deleted]
97zwpc,"Planning a few days away with the missus, just driving around the UK to keep it cheap. Thought I‚Äôd add a day in Wales to the trip. This review of Barry has definitely bumped it up to the ‚Äúmaybe‚Äù pile.",,https://i.redd.it/f2op37f1jlg11.jpg,1534486620.0,201,0.98,46,CasualUK,suicidalgoat
97vun3,Found this in my local Sainsbury's...,,https://i.redd.it/ca0jpbsmlig11.jpg,1534451173.0,59,0.93,19,CasualUK,yonieggz
97vi8y,"To the man in the Audi who was flashing me to move over on the M25 today. I'd love to go faster and get home too, but we've been going 10MPH for the last 30 minutes and we're boxed in. What would you suggest I do?",,https://www.reddit.com/r/CasualUK/comments/97vi8y/to_the_man_in_the_audi_who_was_flashing_me_to/,1534448769.0,77,0.97,44,CasualUK,razerturtle
97v45i,"Looking for a birthday cake, got fat shamed by Google...",,https://i.redd.it/vyxd70eg6ig11.png,1534446068.0,76,0.95,7,CasualUK,el-gigante
97twti,007,,https://i.imgur.com/O7F4EHG.jpg,1534437850.0,279,0.96,6,CasualUK,deep61
97trju,"Yeah Mum, even the beloved Indian blanket",,https://imgur.com/zDbdhSF.jpg,1534436816.0,147,0.96,83,CasualUK,DansSpamJavelin
97tpk6,Donated my hair to the little princess trust today. Very cold neck.,,https://i.redd.it/0by9m8asdhg11.jpg,1534436435.0,233,0.97,56,CasualUK,ECuriosities
97thp9,I'm a bit hesitant to try this new type of bread,[deleted],https://imgur.com/iXsy9EB.jpg,1534434914.0,170,0.98,7,CasualUK,[deleted]
97tg1w,An interesting find in Dubai.,,https://i.redd.it/sd0sgeyb8hg11.jpg,1534434594.0,101,0.96,21,CasualUK,PlanetMeridius
97spj0,"Watching a new Netflix documentary and noticed a rather unfortunate name... Richard ""Dick"" Pound.",,https://i.redd.it/ee07p4iqsgg11.jpg,1534429392.0,61,0.92,12,CasualUK,asc24
97sb97,"My new pitcher plant's common name is ""Bill Bailey"", so naturally I've named him Manny.",,https://i.imgur.com/kNLm9PO.jpg,1534426401.0,59,0.95,21,CasualUK,besst
97s582,Man buys flamethrower and seems surprised that the police want to investigate it,,https://i.redd.it/dmuq328wfgg11.jpg,1534425028.0,88,0.92,56,CasualUK,curtis_m96
97s083,Found on facepalm.,,https://i.redd.it/6i2uc9ngcgg11.jpg,1534423873.0,1073,0.99,180,CasualUK,cheeeeeeeeesy
97ry20,I love a pub with a great sense of humour in the face of utter arseholery,,https://i.redd.it/1ujfk66zagg11.jpg,1534423375.0,55,0.94,16,CasualUK,Gadget_SC2
97rn8c,If I could stop time I probably wouldn't need QuickQuid,"Unless time only stops when I need money, in which case I'd always want to be poor so I could stop time.",https://www.reddit.com/r/CasualUK/comments/97rn8c/if_i_could_stop_time_i_probably_wouldnt_need/,1534420707.0,82,0.97,24,CasualUK,ReceiptIsInTheBag
97rfq2,"Ruby by Kaiser Chiefs came out 2007, and the name Ruby shot up to first place the same year","There must be a lot of 11 year old Rubys!! 

https://imgur.com/a/RGRUNEO",https://www.reddit.com/r/CasualUK/comments/97rfq2/ruby_by_kaiser_chiefs_came_out_2007_and_the_name/,1534418627.0,56,0.93,9,CasualUK,junojack
97rckp,The correct decision was made at ASDA today.,[deleted],https://i.redd.it/ek81r197ufg11.jpg,1534417742.0,153,0.95,23,CasualUK,[deleted]
97rcir,I'm more upset about this than my A Level results.,,https://imgur.com/W1rvxyq,1534417723.0,770,0.98,81,CasualUK,The_Polite_Anarchist
97r6yk,Soho now has a crisp restaurant....,,https://i.redd.it/be95nhn8pfg11.jpg,1534416072.0,48,0.95,50,CasualUK,FlickGC
97r5a7,No Pies Left InThis Van Overnight,,https://i.redd.it/9kx9glsonfg11.jpg,1534415543.0,98,0.93,27,CasualUK,nagaffets
97r4o8,"Didn't miss this shit during the heatwave. Cometh the rain, cometh the traffic, cometh the sadness....",,https://i.redd.it/78acuee2nfg11.jpg,1534415340.0,88,0.94,36,CasualUK,mrbennbenn
97qxzq,Six years ago today I saw this in the Cornishman and it still baffles me. What is Bernadette on about?!,,https://i.imgur.com/6j2nIgi.jpg,1534413269.0,83,0.96,18,CasualUK,maaaahtin
97qvjl,This headline riled me up until I saw the irony,,http://imgur.com/8NATt5V,1534412452.0,135,0.94,29,CasualUK,Lost_And_NotFound
97q4pf,"A ""wanksy"" near my house",,https://i.imgur.com/x9wsDF7.jpg,1534403456.0,92,0.89,23,CasualUK,[deleted]
97q0na,I hate it when rail company adverts are completely unrealistic about the service you can expect,,https://i.redd.it/0sregpldjeg11.png,1534402204.0,5163,0.96,118,CasualUK,Jonny_Segment
97pxmo,I have a Drs appointment this morning. First appointment of the day - 7:30am.,[removed],https://www.reddit.com/r/CasualUK/comments/97pxmo/i_have_a_drs_appointment_this_morning_first/,1534401288.0,84,0.82,55,CasualUK,[deleted]
97pw4h,"The U.S eats broccoli and cauliflower raw and just dunks it in dressing, yet cauliflower cheese is unheard of but broccoli cheese is a staple.... I need an immediate evacuation.",,https://www.reddit.com/r/CasualUK/comments/97pw4h/the_us_eats_broccoli_and_cauliflower_raw_and_just/,1534400797.0,110,0.96,102,CasualUK,Wank_puffin
97ptb4,About to undertake my first non-adult supervised trip outside of the UK...I‚Äôm sure this will be fine...,,https://i.redd.it/fsakmrj8deg11.jpg,1534399932.0,302,0.92,111,CasualUK,FreewheelReddit
97oo7g,I made Yorkshire puddings with sage and onion stuffing. Came to me in a dream,,https://i.redd.it/tankafgffdg11.jpg,1534388556.0,381,0.94,124,CasualUK,wwesmudge
97ntyq,RESULTS DAY MEGATHREAD,[deleted],https://www.reddit.com/r/6thForm/comments/97nq7f/results_day_megathread/,1534381322.0,58,0.85,191,CasualUK,[deleted]
97m4ei,I can't contain it any more,"I hate the Scotland Yard sign.

That spinning prick must waste so much energy, why on earth does it need to spin. Does it spin all day? Is it solar powered? Every time it comes on the news I turn the channel over, my hatred of it is so deep rooted.

It seems a massive waste of police resources to have a spinning sign outside SC, not to mention it makes it look like a shit casino.

Thank you for your time.
",https://www.reddit.com/r/CasualUK/comments/97m4ei/i_cant_contain_it_any_more/,1534367668.0,1009,0.97,118,CasualUK,SpicyCactus98
97m0cs,"After the sad death of my step-dad last year after a long illness, I thought i'd bring me Mum on holiday with us ....but I forgot she's not good with the Heat",,https://i.redd.it/vg3md3hymbg11.jpg,1534366876.0,125,0.92,4,CasualUK,dg_pys
97lwjp,"My view at dinner, from the U.K.‚Äôs most South-Westerly pub. The Turk‚Äôs Head on St Agnes (Isles of Scilly)",,https://i.redd.it/x5ey9mnnkbg11.jpg,1534366115.0,1063,0.98,88,CasualUK,mattcosmith
97ll86,Show us your street art,,https://i.imgur.com/qkliJHP.jpg,1534363847.0,146,0.97,31,CasualUK,Jaqosaurus
97l9ts,Is anyone else thinking that this is just a small packet of dry crave cereal???,,https://i.redd.it/wbnhpdx57bg11.jpg,1534361561.0,302,0.98,47,CasualUK,caddiepie
97l15d,Some folks asked if I do anything else other than scorpions. Yes I do but not on my commute.,,https://i.redd.it/59fzlxmv1bg11.jpg,1534359789.0,74,0.94,8,CasualUK,Dyslexicelectric
97kta9,"And in other news, Tess‚Äôs swimming pool is wet thanks to all the water.",,https://i.redd.it/dqilg4w4xag11.jpg,1534358187.0,119,0.93,8,CasualUK,limegreenbunny
97koom,Suspicions of a shit pub confirmed:,,https://i.redd.it/wpzm7gbduag11.jpg,1534357255.0,245,0.98,107,CasualUK,quosh
97kllu,Spot-on.,,https://i.redd.it/qjxiyggnr8g11.jpg,1534356669.0,350,0.96,9,CasualUK,_Valley
97kk35,Can't wait for Off's Back Bake...,,https://imgur.com/be4ebgb,1534356377.0,220,0.98,14,CasualUK,DanHero91
97jhcw,"On holiday in Cornwall, giggle every time I see this sign.",,https://i.redd.it/73a863qv5ag11.jpg,1534349043.0,190,0.96,16,CasualUK,EarlOfBronze
97jff3,"Mm, can't wait to tuck into these lovely jam donuts. Wait....",,https://i.imgur.com/STyoNds.jpg,1534348686.0,50,0.83,54,CasualUK,monkeyboyhero
97je6p,Somebody left this absolute beaut‚Äô in a multi-story in Sheffield.,,https://imgur.com/a/abqZNx7,1534348445.0,71,0.97,30,CasualUK,Player_15
97ilm0,These just can‚Äôt be real,,https://i.imgur.com/f1ei4AI.jpg,1534342679.0,79,0.89,39,CasualUK,liketo
97ij6p,I was going to make a quirky gif for automod to respond with and clicked on subtitles for this old advert and it turned into some sort of surrealist poetry.,,https://i.imgur.com/6DWIx9w.gifv,1534342149.0,53,0.92,8,CasualUK,Yauko
97i9ka,3 hours graft.....,,https://i.redd.it/8jm2bc8ze9g11.jpg,1534339974.0,89,0.94,30,CasualUK,deviationbydesign
97hx6n,:( :( :(,,https://i.redd.it/b7dpxq8c69g11.jpg,1534337066.0,360,0.97,28,CasualUK,[deleted]
97hvg2,I didn‚Äôt know there were so many Teslas in the UK,,https://i.imgur.com/vE7lQZD.jpg,1534336602.0,103,0.94,82,CasualUK,liketo
97hr3u,"So, What's your plans for the weekend?",,https://imgur.com/shYvo7u,1534335447.0,146,0.98,11,CasualUK,whatwentwr0ng
97hpxo,Turkey twizzlers were awful and I'm glad they got banned,Fight me you helical bird cultist twats,https://www.reddit.com/r/CasualUK/comments/97hpxo/turkey_twizzlers_were_awful_and_im_glad_they_got/,1534335135.0,56,0.68,69,CasualUK,seriousSeb
97hivt,"Saw a post with someone asking for a Meerkat movie code. I have Meerkat movies but hardly venture to the cinema. If anyone needs a code for this week, hit me up....",As title says,https://www.reddit.com/r/CasualUK/comments/97hivt/saw_a_post_with_someone_asking_for_a_meerkat/,1534333162.0,64,0.92,24,CasualUK,CreativeAsparagus
97hebm,You're not wrong Barbican. You're not wrong...,,https://i.imgur.com/rNqSHbH.png,1534331783.0,190,0.97,12,CasualUK,Flyberius
97h54g,UV protection from local seaside shop....,,http://imgur.com/XdscWN8,1534328749.0,185,0.97,24,CasualUK,PanningForSalt
97gyw7,"You know when you get into bed and as you're drifting off, you remember that thing that you did that makes you want to stuff your fist into your mouth and scream? What was the thing?",[deleted],https://www.reddit.com/r/CasualUK/comments/97gyw7/you_know_when_you_get_into_bed_and_as_youre/,1534326618.0,117,0.96,188,CasualUK,[deleted]
97gj91,Quite possibly the best sign that I‚Äôve seen,,https://i.redd.it/5m3s8e2vt7g11.jpg,1534320769.0,2417,0.98,78,CasualUK,Fireplace04
97gexn,Modern life is rubbish,[deleted],https://i.redd.it/ctbouhr3p7g11.jpg,1534319164.0,5984,0.96,401,CasualUK,[deleted]
97g7cs,"You sure thats a good idea, lad?",,https://i.redd.it/7vr2qcf3h7g11.jpg,1534316473.0,679,0.97,42,CasualUK,[deleted]
97g19g,I just thought it was funny that the product code for this baby milk is 'MMMBOOB',,https://imgur.com/gu0RwHZ,1534314337.0,721,0.98,23,CasualUK,tommygunner91
97fzbe,Do I stay or do I go?,"I just walked 35 minutes to my local londis thinking it opens at 7am, it doesn't, and it doesn't have any times on the door, do I stay or should I go back home?

Edit: nevermind they're open now disaster aborted",https://www.reddit.com/r/CasualUK/comments/97fzbe/do_i_stay_or_do_i_go/,1534313678.0,75,0.97,17,CasualUK,roulettemusic
97d8u6,Enter the dragon,,https://imgur.com/8jA9K39,1534288858.0,335,0.98,22,CasualUK,fireball_73
97d2bo,"You all enjoyed the post with the sister covering the sign in Muff, but did you know that there‚Äôs a market in Muff where they sell the misprinted road signs? We bought one for our van when we visited!",,https://i.redd.it/1vrdz2wm25g11.jpg,1534287397.0,74,0.92,26,CasualUK,SchwiftaBeater
97comr,So this just happened,[deleted],https://i.redd.it/3475928ut4g11.jpg,1534284435.0,260,0.92,34,CasualUK,[deleted]
97bwks,Top banter from the Canal and River Trust,,https://i.redd.it/yxpdhimzc4g11.jpg,1534278775.0,118,0.93,12,CasualUK,iknowitsarock
97brvb,Everyone gets nostalgic for Woolworths and Our Price but who remembers play.com?,,https://www.computing.co.uk/w-images/67872b48-609a-4019-842a-713344ff5445/0/playwebsite-580x358.jpg,1534277857.0,198,0.98,70,CasualUK,Sate_Hen
97bq4m,"I‚Äôve never keyed a car in my life, but it took all my strength not too key this fucker and the way he parked and left his car.",[deleted],https://i.redd.it/tecyx0ab94g11.jpg,1534277538.0,61,0.97,33,CasualUK,[deleted]
97bg1n,When Jesus ain‚Äôt showed up to the party yet it‚Äôs...,,https://i.redd.it/wak6d9db34g11.jpg,1534275515.0,119,0.95,15,CasualUK,ManILoveFarming
97asxm,So I make these everyday on my commute and give it to whoever is standing or sitting near me. If you travel to or from barking on the tube or overground you may have gotten one.,[deleted],https://i.redd.it/zw9sis6zp3g11.jpg,1534271032.0,378,0.97,33,CasualUK,[deleted]
97arvf,reminder,,https://i.redd.it/lwf5yhkdp3g11.jpg,1534270829.0,619,0.98,59,CasualUK,[deleted]
97a66v,My Weather Watcher photo got on today's Local News!,,https://i.imgur.com/34N0DCi.jpg,1534266573.0,612,0.98,46,CasualUK,Doe_Ray_EGON
97927v,Edd the duck apperciation thread,,https://imgur.com/YmTFqYR.jpg,1534258725.0,87,0.92,22,CasualUK,[deleted]
978idh,Oxford's Worcester college gardens,,https://i.redd.it/ojjsgz0oc2g11.jpg,1534254570.0,156,0.98,13,CasualUK,fasdfasfasdfadfasdf
978e62,"One of my favourite things in the English countryside, the Cerne Abbas giant.",,https://imgur.com/9CW7bTB,1534253642.0,192,0.98,49,CasualUK,lukas_maximus
978dyl,The first two paragraphs from this pocket sized Point It Pictionary,,https://i.redd.it/pa0hf39s92g11.jpg,1534253598.0,49,0.93,9,CasualUK,Dr-Werner-Klopek
978c33,I just got accepted to do my Masters degree!,"Oh sweet lordy I am chuffed to bits. Apologies for this shitpost, but I'm here crying at my desk with joy and wanted to share it with you fine countrymen and women.


Would anyone else like to share some good news or gladness today? :)",https://www.reddit.com/r/CasualUK/comments/978c33/i_just_got_accepted_to_do_my_masters_degree/,1534253171.0,204,0.92,52,CasualUK,Milo_Hackenschmidt
978bru,That couldn‚Äôt be less Toad in the hole if it was a brick.,,https://i.redd.it/01zua5ori0g11.jpg,1534253114.0,143,0.96,40,CasualUK,Harry_monk
977ybw,"took me three times but I made it, wanted to share it somewhere",,https://i.redd.it/5e2asl3bz1g11.jpg,1534249953.0,423,0.92,117,CasualUK,thearguablepear
977szc,Fame at last,"I managed to make a cameo appearance on Saving Poundstretcher last night, but does anyone else have a more tedious claim to fame?

https://preview.redd.it/nqi3tjmev1g11.png?width=1920&amp;format=png&amp;auto=webp&amp;s=f9d543fe83dd9971ca39fe245fb15bb09f4b3930",https://www.reddit.com/r/CasualUK/comments/977szc/fame_at_last/,1534248604.0,56,0.98,54,CasualUK,povabilly
977baa,"One of my favourite things in the English countryside, the Uffington Falling Goose.",,https://i.redd.it/f12s8va8g1g11.jpg,1534243593.0,488,0.97,15,CasualUK,twixtwix
9778eg,All the farms and model villages visited...,,https://i.imgur.com/eH2aG7Z.jpg,1534242670.0,155,0.96,23,CasualUK,PhreakyByNature
976l7z,Getting to play this in IT was so much fun,,https://i.redd.it/0y7uufe4q0g11.png,1534234782.0,326,0.97,71,CasualUK,adambadun
976i31,I think we can all appreciate the Parrot that told fire brigade to fuck off,,https://metro.co.uk/2018/08/13/parrot-tells-firefighter-fk-off-getting-stuck-roof-7834921/,1534233675.0,172,0.97,12,CasualUK,Astropoppet
976grh,Put and But sound differently???,,https://i.imgur.com/p1qhMs6.jpg,1534233195.0,1177,0.95,629,CasualUK,WNDB78
976gmv,"Overrun police force, they‚Äôre up to their knuckles these days",,https://i.imgur.com/TmzyRLi.jpg,1534233149.0,149,0.96,15,CasualUK,brodeh
976c3y,You always knew you were almost home when you saw this.,,https://i.redd.it/enaiz06hg0g11.jpg,1534231514.0,4063,0.94,302,CasualUK,hunterfam55
9767k1,Just dropped a E at work,,https://i.redd.it/26cvfj52c0g11.jpg,1534230028.0,677,0.96,46,CasualUK,you-just-readit
975zqd,Who wouldn't do the same?,,https://imgur.com/v1BB2Fj,1534227470.0,72,0.97,18,CasualUK,perrymanon
975qaf,5am alarm clock...,,https://i.redd.it/bew6uywpvzf11.jpg,1534224557.0,78,0.99,16,CasualUK,crazycockerels
9732we,New jaws film looks awful,,https://i.redd.it/sen32gc9yxf11.jpg,1534201173.0,339,0.99,7,CasualUK,Ollieca616
972cg5,YES LADS,,https://i.redd.it/op83fbbohxf11.png,1534195600.0,233,0.97,52,CasualUK,[deleted]
9721mk,Gotta love the butterflies in the summer!,,https://i.redd.it/wtdzv4a5bxf11.jpg,1534193410.0,56,0.98,8,CasualUK,LeapingWyvern
9720a8,Metal Grief Coffins,,https://i.redd.it/3bhda0xeaxf11.jpg,1534193156.0,126,0.99,11,CasualUK,gavster31
971eat,Every other restaurant had these,,https://i.redd.it/ubgrti8sxwf11.jpg,1534188907.0,236,0.97,45,CasualUK,JohnCenaFan69
97152h,Wales is brilliant,[deleted],https://i.redd.it/c7nkpvxjswf11.jpg,1534187152.0,266,0.97,29,CasualUK,[deleted]
970jcy,Where in the world is Organic Land?,,https://m.imgur.com/lDi2NcM,1534182968.0,100,0.99,10,CasualUK,[deleted]
970a9u,"The ""British"" food aisle in an American store. They can fuck right off with that $5.99 Ribena and $2.29 beans.",,https://i.redd.it/9ro29cq1bwf11.jpg,1534181284.0,132,0.96,124,CasualUK,marius_ann
9703x9,Think I've worked out how to tell if you're living in a rough area...,,https://i.redd.it/jvjkn10e7wf11.png,1534180102.0,630,0.99,95,CasualUK,purplehaze150
97036t,I don‚Äôt belieeeeve it!,,https://i.redd.it/5lnvxtq67wf11.jpg,1534179966.0,11706,0.96,211,CasualUK,Lydia_San_Dayo
970125,I've just finished with this if anyone wants to build themselves a rocket.,,https://imgur.com/us2e2Yf,1534179582.0,1124,0.98,52,CasualUK,funkyjim
96zwgr,Korean Michael MacIntyre???,,https://i.redd.it/snx0iixf3wf11.jpg,1534178703.0,619,0.98,27,CasualUK,tomato112233
96zimx,"Nothing makes me feel more manly than saying to my girlfriend: ""Just popping out to B&amp;Q"".","I went to buy a big plastic tub, not any kind of DIY supplies.",https://www.reddit.com/r/CasualUK/comments/96zimx/nothing_makes_me_feel_more_manly_than_saying_to/,1534176055.0,113,0.98,41,CasualUK,inmyshamewell
96zbfy,I bloody love UK festivals. Boardmatsers last Saturday,,https://i.redd.it/67fsrwt9rvf11.jpg,1534174612.0,73,0.95,8,CasualUK,die4codgrimsby
96z117,A childhood inspired drawing I did a while back. Thought it might give some of you a trip down memory lane,[deleted],https://i.redd.it/uan9ex6alvf11.jpg,1534172599.0,508,0.99,70,CasualUK,[deleted]
96yzcz,Have naming competitions gone too far?,,https://i.redd.it/kjthyt8bkvf11.jpg,1534172272.0,165,0.98,18,CasualUK,Mickeyhoohaa
96yz8y,The bitter truth; brought to you by TFL,,https://i.redd.it/l257g8l6kvf11.jpg,1534172245.0,142,0.96,7,CasualUK,The4D6
96yyhu,Only in Blackpool,,https://imgur.com/a/W2SuNKp,1534172080.0,98,0.99,12,CasualUK,jazzy_phalanges
96y0xi,"While all other chocolate bars are getting smaller, the humble Penguin is fatter than ever AND the jokes have improved.","I haven't bought penguin bars in ages and maybe they've jacked the price loads but the one I just had was about twice as thick as I remember them being.

Also the old jokes went in 3 phases to my knowledge:

Phase 1: probably some time around 9/11, they were jokes unrelated to penguins and were *alright*

Phase 2: until probably a few years ago they were penguin related jokes and they were shite: things like ""where does the penguin keep his money? In a snow bank"". Meh.

Phase 3: current jokes. Mine just said (not verbatim): ""how did the penguin pass his driving test? HE WINGED IT!"" 10/10 and penguin related, too.

Hats off from me to Penguin bars for showing the other, frankly now inferior bars how it's done.

/penguinshill",https://www.reddit.com/r/CasualUK/comments/96y0xi/while_all_other_chocolate_bars_are_getting/,1534164576.0,109,0.97,26,CasualUK,EpicFishFingers
96xv5c,"Just a banana in the gents, I dare to think what the guy before me did",,https://i.redd.it/8dsoi4n2tuf11.jpg,1534163114.0,55,1.0,13,CasualUK,mas-sive
96xjek,"My housemates are annoying and lazy most of the time, but they knew how to cheer me up this morning",,https://i.imgur.com/oPRbhSl.jpg,1534159920.0,189,0.95,23,CasualUK,TopTrumpWANKER
96xagr,"Honestly, this is a real story, even if it does read like something from Newsthump or The Onion!",[ British tourist moans her Benidorm holiday was ruined by 'too many Spanish people'](https://www.mirror.co.uk/news/uk-news/british-woman-81-claims-benidorm-13075153),https://www.reddit.com/r/CasualUK/comments/96xagr/honestly_this_is_a_real_story_even_if_it_does/,1534157262.0,63,0.88,26,CasualUK,danger0usd1sc0
96x7sc,"After ten years of enjoying Come Dine With Me, and a year living in Glasgow, I have come to the conclusion that Brits are obsessed with wallpaper and dauphinois potatoes.","I am Aussie, and I have never even really seen wallpaper in any houses here, except for old houses that haven't been redone.

In every episode of Come Dine With Me, at least one person seems to have the feature wall in BRIGHT, modern wallpaper, and someone will make dauphinoise potatoes [I spelt it wrong in the title, we call it potato gratin or just potato bake here]. Potatoes are my favourite food, so I approve.
 
CDWM is also the reason I actually knew what banoffee pie was before I lived in Scotland. Not a thing here!

I just find it amusing, also I love Dave Lamb.  ",https://www.reddit.com/r/CasualUK/comments/96x7sc/after_ten_years_of_enjoying_come_dine_with_me_and/,1534156408.0,97,0.98,46,CasualUK,derawin07
96x4zs,"Seven Sisters, Sussex, looking its best this weekend.",,https://i.redd.it/m8y2gcy96uf11.jpg,1534155533.0,136,1.0,21,CasualUK,Frap_Gadz
96wsfa,First time back in long trousers in weeks,Feels weird ,https://www.reddit.com/r/CasualUK/comments/96wsfa/first_time_back_in_long_trousers_in_weeks/,1534151346.0,67,0.97,20,CasualUK,kevkevverson
96wofb,Sausages go out of date today and don‚Äôt have any bread in so had to improvise. Sausage and black pudding on garlic naan.,,https://i.imgur.com/iuqIJ96.jpg,1534149899.0,490,0.95,102,CasualUK,9DAN2
96wjbw,I pass this every day on the train into Leeds - Miki get well soon you nob,,https://i.redd.it/rtgfyim8ktf11.png,1534148074.0,160,0.98,14,CasualUK,konstellasjon
96weq4,What is the rarest ' thing' you ever seen or done ?,"What is the rarest ' thing' you ever seen or done ? eg Meteor shower,  Swam with pod of whales, been invited to Buckingham palace,

Something that's rare if not near on exclusive that you're really proud of doing, or seeing? ",https://www.reddit.com/r/CasualUK/comments/96weq4/what_is_the_rarest_thing_you_ever_seen_or_done/,1534146436.0,81,0.97,273,CasualUK,laughinggas
96w90r,Snapped on the occasional day of summer,,http://imgur.com/cKg7tol,1534144465.0,59,0.95,3,CasualUK,cyberjacob
96vwun,"We &lt;3 curry, especially if it is free! Hearty gestures like this are what makes us Great Britain :)",,https://i.imgur.com/ZJis0B2.jpg,1534140557.0,15184,0.93,454,CasualUK,I_make_usernames_AMA
96vs8p,This fella doesn't quite get how a rain mac works,,https://i.redd.it/ek5mdzgotsf11.jpg,1534139100.0,290,0.99,17,CasualUK,ThatMr26
96uf97,Anyone else remember using this during IT time?,[deleted],https://i.redd.it/89djmwbxprf11.jpg,1534125829.0,120,0.95,48,CasualUK,[deleted]
96ue0v,"Being honest with you Lidl, I reckon I can.",,https://i.redd.it/u042o91dprf11.png,1534125541.0,120,0.98,0,CasualUK,Joey936
96s7ua,Went to the airshow in Blackpool today - thought you lot would appreciate this fly-by of the Red Arrows!,,https://v.redd.it/9ourt3fm5qf11,1534106935.0,196,0.98,29,CasualUK,Autisticunt
96rqs2,"Just found the subgenre of awfully written and cringey romance games about the Royal Family written by, and for, Americans.",,https://i.redd.it/t00vt4tuupf11.jpg,1534103175.0,104,0.95,25,CasualUK,[deleted]
96r2px,Maybe not everyone loves a stag do?,[deleted],https://i.redd.it/fwumhms7fpf11.jpg,1534097915.0,93,0.94,43,CasualUK,[deleted]
96r0q8,At the Costa in Malta airport.,,https://i.redd.it/m04fx4gxdpf11.jpg,1534097487.0,70,0.94,11,CasualUK,chrisob96
96r08a,Teletext - So much nostalgia,,https://i.imgur.com/LyJBIfg.png,1534097374.0,473,0.98,101,CasualUK,JavanQuesadilla
96qwoa,The other half and I went wild camping in Dartmoor National Park. For those who don't know it's the easiest national park to camp in in the UK. Its beautiful in its bleakness.,[deleted],https://imgur.com/cDCBAZR,1534096574.0,131,0.96,20,CasualUK,[deleted]
96quds,An interesting message at the Arsenal game today.,,https://imgur.com/gallery/XS15fRT,1534096045.0,73,0.97,5,CasualUK,westblockblue
96qq16,Only waitrose children here,,https://i.redd.it/4l4vykrh6pf11.jpg,1534095082.0,97,0.94,5,CasualUK,1tsTrue
96qjqf,Southeastern trains with more decoration effort for their toilets than I've achieved over 3 years in my own flat,,https://imgur.com/0ynDCU1,1534093695.0,181,0.99,12,CasualUK,haveyouseenmywetsuit
96pw57,New A-Z 10p coin featuring ‚ÄúQ‚Äù as the British obligation to queue,,https://i.redd.it/bu5erqbtmof11.jpg,1534088380.0,164,0.96,25,CasualUK,Ashh_Patel
96pgoa,"Two very drunk men imbibing cider at bus stop 6 am this morning -- MAN 1: Have you got change for the bus, Dave? MAN 2: Who the fuck is Dave? MAN 1: You are! MAN 2: Oh yeah.",It was like a drunk Chuckle Brothers routine. Brought a tear to my eye.,https://www.reddit.com/r/CasualUK/comments/96pgoa/two_very_drunk_men_imbibing_cider_at_bus_stop_6/,1534084783.0,225,0.95,11,CasualUK,sutpenicity
96p7yz,Primark are stepping up.,,https://i.redd.it/f9dauxpl1of11.jpg,1534081231.0,341,0.95,85,CasualUK,bushman_za
96p27z,TV show idea for the BBC: Eat well for less on a run down council estate.,[removed],https://www.reddit.com/r/CasualUK/comments/96p27z/tv_show_idea_for_the_bbc_eat_well_for_less_on_a/,1534079590.0,89,0.95,36,CasualUK,[deleted]
96oz9p,Found myself a fossil!,,https://i.imgur.com/yrCu3gd.jpg,1534078720.0,73,0.91,10,CasualUK,Al_Bee
96oxi0,British Charity seeks person to live on idyllic Greek island; job is to care for 55 cats.,,https://www.bbc.co.uk/news/world-europe-45160780,1534078150.0,62,0.94,4,CasualUK,tmstms
96ouyt,This old 1p slot machine casually still working away at the back of an arcade in Wales,,https://i.redd.it/1108se3zpnf11.jpg,1534077337.0,98,0.97,11,CasualUK,Ugly_Karma
96ooh9,Epping and Ongar railway,,https://i.redd.it/0gbfh89ljnf11.jpg,1534075173.0,192,0.97,16,CasualUK,melancholy_asteroid
96og07,Magician tricks some Police Officers.,[deleted],https://i.imgur.com/YIPTqpW.gifv,1534071928.0,254,0.93,102,CasualUK,[deleted]
96oene,This is the England section in a Spanish supermarket,,https://i.redd.it/htelnkec8nf11.jpg,1534071391.0,817,0.98,183,CasualUK,Somebody2804
96o8xg,"My town centre had an empty store for ages, so they filled it with a Ping Pong parlour!",,https://i.redd.it/wdkc7xz21nf11.jpg,1534068955.0,7657,0.97,479,CasualUK,Mrgibbletts
96o6ck,What a Blue Peter badge looks like these days,,https://i.imgur.com/iEnf84U.jpg,1534067906.0,1247,0.98,184,CasualUK,liketo
96nkuj,Just sayin',Wife's away for a few weeks. Me and the boys have noticed how the house stays tidy for longer. ,https://www.reddit.com/r/CasualUK/comments/96nkuj/just_sayin/,1534058970.0,73,0.9,16,CasualUK,phenson23
96lj2p,"After the heat, my husky is delighted to get some sleep, snoring like a tractor!",,https://i.redd.it/3y8a12czbkf11.jpg,1534036343.0,89,0.93,15,CasualUK,[deleted]
96l397,"These bastards writing to Lidl saying your wine tastes like Mouthwash and then getting flown over to sip wine in Spanish Vinyards: I‚Äôm gonna write to Lidl and say your chocolate ain‚Äôt made from cocoa beans, then you‚Äôll see me on the next advert skiing on the alps with 20 lindts stuffed in my mouth",,https://www.reddit.com/r/CasualUK/comments/96l397/these_bastards_writing_to_lidl_saying_your_wine/,1534032216.0,3420,0.98,212,CasualUK,[deleted]
96k83e,Good old commonwealth.,,https://i.redd.it/v7hddy57yff11.png,1534024568.0,391,0.97,16,CasualUK,[deleted]
96jyns,To you,,https://i.redd.it/4zkc8icf6jf11.jpg,1534022316.0,1092,0.99,22,CasualUK,watugoat
96jw3s,"Currently living in Switzerland and ran out of tea, so I went to a shop with a ‚ÄúBritish‚Äù section and the tea there was CHF 11.50 (¬£9) - please send help :(",,https://i.redd.it/74o8tf2n4jf11.jpg,1534021717.0,93,0.98,42,CasualUK,franichan
96jvl1,"Cobblestone streets and village. Edinburgh, Scotland.",[deleted],https://i.imgur.com/pgxnc13.jpg,1534021599.0,318,0.98,15,CasualUK,[deleted]
96jtga,So this is that famously subtle English humour I've been hearing about!,,https://i.redd.it/nhmb061u2jf11.jpg,1534021112.0,107,0.93,4,CasualUK,[deleted]
96jop3,Tesco need to calm down,,https://i.redd.it/2zsqmzpjzif11.jpg,1534020005.0,207,0.98,32,CasualUK,[deleted]
96jnc0,Well... Technically its my right of way but I don't wanna chance it...,,https://imgur.com/JQmuE82,1534019685.0,101,0.95,13,CasualUK,Autisticunt
96jmab,"Waitrose. Never knowingly grammatically incorrect. Fewer, it is. Excellent.",,https://i.redd.it/4jn4ekwuxif11.jpg,1534019436.0,106,0.98,14,CasualUK,HumanWithInternet
96jfck,"We built a sandcastle fortress village on Swanage beach today. It had main fort with tower, paved pathways, a bailey, double moats, a support village with agriculture fields, a henge, a walled harbour, a sacred stones site, a church with buttresses and a graveyard and an outlying fishing village.",[deleted],https://youtu.be/tzLoGUF1O3A,1534017890.0,57,0.93,16,CasualUK,[deleted]
96j9r5,Is this normal for the West Country?,,https://v.redd.it/o7vjlkm9pif11,1534016647.0,150,0.92,40,CasualUK,04housemat
96j4mc,Spotted in Lancashire..,,https://i.imgur.com/L9Co7lI.jpg,1534015479.0,64,0.92,4,CasualUK,Cornerway
96j03s,I just wanted to share this picture of a Zebra that was staring me out today.,,https://i.redd.it/3k6xetgyiif11.jpg,1534014434.0,100,0.96,11,CasualUK,millsytime
96ix1w,View of Avon gorge 7am this morning üéàüéàüéà,,https://i.redd.it/9amu70gygif11.jpg,1534013752.0,197,0.98,8,CasualUK,lydie123
96iuj5,The most interesting thing in Rugeley,,https://i.redd.it/bn0k23pafif11.jpg,1534013194.0,196,0.98,24,CasualUK,RealitysAtombin
96ig9e,I had an awkward call to the police earlier today,[deleted],https://www.reddit.com/r/CasualUK/comments/96ig9e/i_had_an_awkward_call_to_the_police_earlier_today/,1534010007.0,359,0.99,73,CasualUK,[deleted]
96hthh,Rotherham &amp;amp; Ipswich fans chant together for Barry Chuckle. RIP.,,https://www.twitter.com/OfficialRUFC/status/1028304322587754496,1534005066.0,70,0.92,5,CasualUK,bnjmnxpg
96hktp,I ruined the British summer by putting up this shade sail.,[deleted],https://i.imgur.com/j1md7pU.jpg,1534003173.0,49,0.91,17,CasualUK,[deleted]
96hgc6,Sadly the number doesn‚Äôt work,,https://i.imgur.com/28vqtuF.jpg,1534002201.0,792,0.98,28,CasualUK,Loldaf_the_Ghey
96hc6n,"Where am I? In the ute, mate.. stuck behind a Lerno..",,https://i.redd.it/o11jmr2ffhf11.jpg,1534001264.0,73,0.93,21,CasualUK,dronebox
96h97j,Boomtown didn't fully think through the wristbands this year,,https://i.redd.it/zkv1rnaddhf11.jpg,1534000571.0,171,0.97,14,CasualUK,dicklordo
96h4ao,Obviously not.,[deleted],https://i.redd.it/num0ed3w8hf11.jpg,1533999447.0,47,0.94,5,CasualUK,[deleted]
96gt5h,Classic British banter at IKEA,,https://i.redd.it/kchz4om42hf11.jpg,1533996658.0,81,0.92,2,CasualUK,charleymations
96gl4y,Absolute classic. Can‚Äôt help but feel it‚Äôs slightly overpriced though...,,https://i.redd.it/oewundmrvgf11.jpg,1533994524.0,120,0.97,35,CasualUK,[deleted]
96gkbi,It does tbh,,https://i.redd.it/lr4cq035vgf11.jpg,1533994308.0,431,0.98,6,CasualUK,OffaRex
96gexm,This new CCTV installed by the council is the dog‚Äôs bollocks.,,https://i.redd.it/4abo65ucqgf11.jpg,1533992769.0,147,0.94,9,CasualUK,[deleted]
96gbsy,"Got an ebook reader? Have my first book for free, ‚Äòcos redditors on CasualUK has been kind to me and given me a LOT of advice &amp; help. Either digital space-filler or a nice gentle sci-fi story with AI civil rights, booms, pyeooows, nee-naws &amp; lots of off-topic footnotes. You‚Äôre all bloody wonderful.",[deleted],https://www.amazon.co.uk/Give-Me-Your-Answer-Do-ebook/dp/B01BRUVUMI#featureBulletsAndDetailBullets_secondary_view_div_1533959710898,1533991910.0,144,0.94,27,CasualUK,[deleted]
96g6zg,I think Walkers are trying to cause a controversy...,,https://i.redd.it/1nce72hpjgf11.jpg,1533990503.0,111,0.97,74,CasualUK,The-Magical-Moose
96g3p6,"So,I'm at work watching this crow eat wasps next to a food waste skip. I think he's the hardest ba##ard I've ever seen.",,https://www.reddit.com/r/CasualUK/comments/96g3p6/soim_at_work_watching_this_crow_eat_wasps_next_to/,1533989491.0,89,0.95,25,CasualUK,greyman1090
96fxoy,The official Channel 4 Youtube channel has a lofi hiphop live stream staring Moss from the I.T Crowd,,https://i.redd.it/i1pkar1nagf11.jpg,1533987462.0,107,0.91,8,CasualUK,Joshuasymonds23
96fx0q,"Alright, no need to brag! (found in Sheringham)",,https://i.redd.it/c3g2b3g1agf11.jpg,1533987215.0,283,0.97,17,CasualUK,lightspeedwhale
96fv3x,Spotted on a festival portaloo..,[deleted],https://imgur.com/X1aM1gH,1533986546.0,109,0.95,5,CasualUK,[deleted]
96fudg,The bad part of me wanted this to go up in flames just for the irony,,https://i.redd.it/bwtpdjh37gf11.jpg,1533986276.0,6551,0.97,77,CasualUK,_0117_
96fqb6,PSA: lately I‚Äôve seen some videos of our American cousins over excitedly smashing a can of beer against their face and drinking the froth or upside down from a hose pipe...,"Please remember that we have a reputation to maintain, and if I see any of my fellow countrymen abusing alcohol like this, I‚Äôll pull you to one side and have a word about your pub fitness. Don‚Äôt spill a fucking drop",https://www.reddit.com/r/CasualUK/comments/96fqb6/psa_lately_ive_seen_some_videos_of_our_american/,1533984754.0,153,0.97,43,CasualUK,TheSquireOfTheShire
96fpmf,Londoners can't handle a puddle (video link in comments),,https://i.imgur.com/reo1Qt7.png,1533984477.0,442,0.95,64,CasualUK,fireball_73
96fjis,The CasualUK Sandwich Tournament: Round 1 Votes [Links In Comments],,https://i.redd.it/uayrs2enuff11.png,1533982052.0,75,0.87,95,CasualUK,ILostMumInTesco
96fib3,Boom Town,,https://i.imgur.com/ibeMCrr.jpg,1533981608.0,58,0.91,23,CasualUK,liketo
96fecr,You do what ...,,https://i.redd.it/bu2v7bnjoff11.jpg,1533979990.0,75,0.84,6,CasualUK,dashdotat
96f7ri,A picture I snapped yesterday in Skeg Vegas.,,https://i.imgur.com/v37MsiC.jpg,1533977418.0,313,0.98,23,CasualUK,nathan98900
96f7nb,View from my living room this morning in Bristol.,,https://imgur.com/aMvZbvw,1533977362.0,94,0.93,5,CasualUK,Cptalexaa
96f5qx,Spotted in a festival portaloo...,,https://i.imgur.com/wzhOAmA.jpg,1533976608.0,1102,0.96,57,CasualUK,GirlFromBlighty
96f0ox,Just want someone to share this number plate with,,https://i.redd.it/1vnal82p8ff11.jpg,1533974657.0,478,0.98,13,CasualUK,LinuxNovice
96exgb,Slim Saturdays: The First One,"Hey everyone! As some of you may have seen, I posted a thread on here a few days ago to gauge interest in some sort of ongoing weight loss thread for those of us who wanna shift a bit of the old flab. Well, here it is!

We're gonna be keeping track of our weight every week - you don't have to post your weight if you don't want to, but it would be handy to at least post how much you lose (or gain - it's a marathon not a sprint!) each week. 

Also, I'll be posting recipe of the week (one carnivore, one vegan) and you guys feel free to comment with whatever you want! Whether it be a recipe, a pic of a particularly delish and healthy meal you've had this week, tips and tricks for weight loss... anything! 

I think it's important to keep a couple of fairly loose but important rules going - I'd first off say it's important for this place to be a totally judgement-free zone. We're all in this together and no one gains anything from judgement or general nastiness. As well as this, I'd say it's important that you be honest with yourself and the rest of us - if you're struggling to lose or hit a plateau or whatever we're all here to encourage you and share our own experiences and tips and tricks to help you keep going, so don't be shy! 

Without further ado, here is my weigh-in and recipes of the week!

Week 1: 251lbs 

Recipes of the week:

**Vegan** 
[Linguine with avocado, tomato and lime](https://www.bbcgoodfood.com/recipes/linguine-avocado-tomato-lime)

**Carnivore** [Pork, green bean &amp; oyster stir fry]
(https://www.bbcgoodfood.com/recipes/1813671/pork-green-bean-and-oyster-stirfry)

Okay everyone, go nuts! Post some of your favourite recipes, maybe your targets and goal weights, stuff you'd like to cut down on, anything and everything weight-loss related. I'd really love it if we could get a lovely, supportive community going on and help each other slim down!",https://www.reddit.com/r/CasualUK/comments/96exgb/slim_saturdays_the_first_one/,1533973457.0,62,0.91,93,CasualUK,[deleted]
96evhm,Last one from the Bristol balloon ascent,,https://i.imgur.com/P151jT2.jpg,1533972711.0,201,0.95,5,CasualUK,SiameseDiaries
96eoz5,We had a successful mass ascent at the Bristol Balloon Fiesta this morning!,,https://i.redd.it/5xnw5279wef11.jpg,1533970470.0,736,0.99,9,CasualUK,[deleted]
96eixm,"Up at half 5 to watch the balloon fiesta from a park and ride, dream Saturday morning",,https://i.redd.it/evrn05l6qef11.jpg,1533968434.0,2145,0.98,84,CasualUK,blast_processor
96e64k,"Bristol balloon fiesta, hopefully go today. This is 6am.",,https://i.imgur.com/Lg60kZ7.jpg,1533964374.0,417,0.98,24,CasualUK,SiameseDiaries
96d3wz,Metal AF 50p,,https://imgur.com/AXWohwC.jpg,1533953871.0,231,0.98,23,CasualUK,DevilmouseUK
96b7mu,Frank Skinner just made a joke about his forehead and now I can't unsee his gigantic head,[deleted],"https://res.cloudinary.com/uktv/image/upload/b_rgb:000000,w_654,c_fill,q_90,h_367/v1374500205/fjqr1pwyfmv7wr2y34cx.jpg",1533937889.0,81,0.99,14,CasualUK,[deleted]
96b48c,3-legged stocky whippet travelling at almost 125mph,,https://i.redd.it/zesvgns85cf11.jpg,1533937171.0,104,0.88,18,CasualUK,much_furthur
96aa8u,Mordor is sending its hordes from London...,,https://i.redd.it/tn1s01k3nbf11.jpg,1533931071.0,71,0.96,5,CasualUK,UnoriginalBob
96a8x3,Mime has meltdown in background of news report.,,https://youtu.be/eE3VPkduQik,1533930804.0,106,0.97,19,CasualUK,Shadow_Demon999
96a6u1,House of Fraser's new tie range,,https://i.redd.it/mlzr0tf0lbf11.jpg,1533930397.0,3735,0.96,127,CasualUK,GlassiamIsAFag
969v4e,Saw these good boys on the train to Leeds :),,https://i.redd.it/h6ifd7y9ebf11.jpg,1533928106.0,871,0.96,40,CasualUK,xSpiralStatic
969qw6,Apology to the cyclist I cut up on the roundabout...,"Sorry mate, I completely didn't see you until you were on my immediate right hand side. The sun was at an angle, I was too busy looking at the car to my left, and you were emerging from under a bridge so you were heavily shaded.

Long shot of long shots that you will see this, but I heard you eff and blind at me, and rightly so, I was in the wrong in your eyes. So, sorry for nearly flattening you on your way to the station. Hope you enjoy telling everyone at the pub tonight about some cock womble that nearly knocked you down.

Cheers.",https://www.reddit.com/r/CasualUK/comments/969qw6/apology_to_the_cyclist_i_cut_up_on_the_roundabout/,1533927292.0,81,0.89,11,CasualUK,Sniper_Guz
969p8z,Went to Marwell today. These were the only animals willing to risk the rain.,,https://i.redd.it/dfne9zrvabf11.jpg,1533926963.0,54,0.94,6,CasualUK,katievsbubbles
969lpd,Yeah so it looks like the end of the world is coming my way.,,https://i.redd.it/ikf6yyzw8bf11.jpg,1533926302.0,71,0.96,13,CasualUK,phlopip
969jpi,"The kittens have the right idea, lazy Friday night",,https://i.redd.it/ncyb5ksp7bf11.jpg,1533925909.0,160,0.97,5,CasualUK,StardustOasis
969h8x,I think the drains here might've had a few issues handling the rapid weather switch...,,https://i.redd.it/2b44rykf5bf11.png,1533925440.0,69,0.96,4,CasualUK,I_l_l_I
96949l,"Welcome to Great Britain! If you look to your right, you‚Äôll see a",,https://i.redd.it/57pztwm2zaf11.jpg,1533922989.0,451,0.97,72,CasualUK,cowboyernie
968x9a,Moving day. Cups are inaccessible so had to improvise.,,https://i.imgur.com/4TUs6U7.jpg,1533921691.0,129,0.96,19,CasualUK,madcaplaughed
968wn1,Strictly are starting to branch out,[deleted],https://i.redd.it/33ktxx6uuaf11.jpg,1533921571.0,149,0.97,11,CasualUK,[deleted]
968wam,What the hell are these!,,https://i.redd.it/0trzzbznuaf11.jpg,1533921507.0,56,0.91,15,CasualUK,FlummoxedFlumage
968rdg,This opticians has come up with an interesting way of displaying their glasses...,,https://i.redd.it/9eu4lzqyraf11.jpg,1533920598.0,73,0.96,3,CasualUK,hattiexcvi
96876p,"I present to you, Sausage man.",,https://i.redd.it/lcl300ovgaf11.jpg,1533916877.0,107,0.92,49,CasualUK,[deleted]
9683p8,"I've sorted us out a Space Force logo, just in case we ever take the plunge.",,https://imgur.com/2veBIC2,1533916228.0,207,0.96,15,CasualUK,loudribs
9682zr,Spotted in my local Morrisons,,https://imgur.com/jgDHNBt,1533916102.0,294,0.94,50,CasualUK,Coco_and_I
967mcy,I love an Ice Tea on these hot summer mornings.,,https://i.redd.it/z9ymhk6z4af11.jpg,1533912897.0,371,0.96,34,CasualUK,TealHighCloud
967ji1,Who remembers these two lovable underwater private detectives?,,https://m.youtube.com/watch?v=p4Sh0tb6e6E,1533912330.0,112,0.97,30,CasualUK,RogersTheGreat
96797q,The packaging for the sandwiches from my work canteen looks like a word cloud for every TV show presented by Gregg Wallace,,http://imgur.com/DO5MYTh,1533910277.0,80,0.98,8,CasualUK,scoob666
96719n,Our first view of the Amusement arcades at Mablethorpe today,,https://i.redd.it/3xk1ksq8s9f11.jpg,1533908585.0,744,0.99,22,CasualUK,tonkerss
966zgg,"Got this little fella in my change today, I‚Äôm guessing they‚Äôre pretty rare?",,https://i.imgur.com/FOFDwJQ.jpg,1533908178.0,83,0.95,37,CasualUK,Quinny_Bob
966pf6,Brainiac: Science Abuse is 10 Years Old Today. Jesus.,,https://www.youtube.com/watch?v=soeLlxnm12g,1533905954.0,212,0.98,40,CasualUK,TheLegionofDoom2957
966ddw,What a bloke,,https://v.redd.it/hg9nr9xib9f11,1533902999.0,90,0.93,13,CasualUK,jONESYMIDGET1997
966c9f,Will this help me understand the Mrs?,,https://imgur.com/VaHmIrm.jpg,1533902700.0,682,0.95,31,CasualUK,Greganor
96629z,A 1995 advert for Dime (Daim) Bars my colleague forced upon me this week,,https://www.youtube.com/watch?v=bqeGxMgVOHI,1533899988.0,93,0.95,30,CasualUK,Caligapiscis
966001,Is it in poor taste to spectate inside a UK court for intrigue?,"I'm quite interested in understanding how our judicial process works and would like to watch a trial take place, however, I'm aware that these trials concern real people's lives, and I don't want to intrude. Would you consider it poor taste to attend a trial? Would I be the only one there spectating and would I stand out such that i'd be noticed? 
Thanks in advance.",https://www.reddit.com/r/CasualUK/comments/966001/is_it_in_poor_taste_to_spectate_inside_a_uk_court/,1533899364.0,87,0.98,79,CasualUK,gatey123
965vck,"My local NHS ""Health"" Centre has a kebab shop attached to it",[deleted],https://i.redd.it/usfnrxfrw8f11.png,1533898016.0,527,0.98,53,CasualUK,[deleted]
965lyq,The Royal Charter with the Queen's seal that allows the BBC to exist,,http://imgur.com/xGqwoGS,1533895135.0,143,0.95,16,CasualUK,JimmySinner
965i3y,Big house of Fraser mugs coming to you soon...,House of Fraser bought by Sports Direct for ¬£90m - http://www.bbc.co.uk/news/business-45140874,https://www.reddit.com/r/CasualUK/comments/965i3y/big_house_of_fraser_mugs_coming_to_you_soon/,1533893883.0,228,0.97,48,CasualUK,jeebus1982
965ddo,The grass is becoming green again! Its green! Green i tell you!,,https://i.redd.it/8rp6oeoug8f11.jpg,1533892648.0,5882,0.97,142,CasualUK,[deleted]
965c6f,Found in a booklet for Brits living in Malaga. I'm so sorry Spain.,,https://i.redd.it/cxu8aqdjf8f11.jpg,1533892208.0,272,0.98,34,CasualUK,notdickfeynman
965arh,My very British claim to fame,"When I was 16, I worked at the Westbound Little  Chef on the A303 at Andover. One time Anthony Head (of Gold Blend and Buffy fame) stopped in for some lunch.

An extraordinary claim to fame by itself I'm sure you'll agree, but there's more. On the menu was a cheese and mushroom omelette. Giles asked if he could have a cheese omelette. We had to explain that he couldn't because the mushrooms had been added some months previously when the omelette was frozen in the Chinese factory.

At around the same time, the CEO ended up on Watchdog, explaining to Anne Robinson that the words ""All food freshly prepared to order"" on the menu weren't bullshit. His argument was that microwaving an omelette then giving it a few seconds on each side on the griddle counts as 'preparation'. That didn't go down well so he went on to say that we would be happy to cook a fresh omelette for anyone who wanted one. But none of the restaurants had any frying pans so that wasn't actually possible.

Happy times",https://www.reddit.com/r/CasualUK/comments/965arh/my_very_british_claim_to_fame/,1533891697.0,394,0.97,182,CasualUK,[deleted]
9653ko,Things you don't expect to see when you turn a corner on your walk to work.,,https://i.redd.it/1qn2cw6p58f11.jpg,1533888896.0,1263,0.98,58,CasualUK,Pocket-Merlin
9650c4,"Pub Quiz! This one's old, and more pop culture than most. New material starting next week.",,https://imgur.com/a/DIRabNW,1533887856.0,85,0.98,55,CasualUK,Kerigorrical
964yix,"Porthcothan, Cornwall Yesterday morning",,https://imgur.com/9ygxAQh.jpg,1533887274.0,96,0.97,5,CasualUK,[deleted]
964lvz,"Bristol balloon fiesta, this morning. No take off though.",,https://i.imgur.com/7v9BNZn.jpg,1533883502.0,85,0.96,19,CasualUK,SiameseDiaries
9649ir,"So some of you were asking, here's the full list of Lidl stores selling wonkey veg boxes","Limehouse

Harlow

Welwyn Garden City

Hackney

Hanwell

Tottenham

Wembley Stadium

Stanmore

Ilford High Road

Pinner

Edmonton

Cricklewood

Barking

Borehamwood

Greenford

Edgware

Beckton

East Ham

Enfield Town

Waltham Abbey

Finsbury Park

Edmonton Green

Waltham Cross

Uxbridge

Hainault

South Ruislip

Kentish Town

Stratford

Dunstable-Luton Road

Ilford High Road

Walthamstow Central

Chilwell

Stourbridge

Hamstead, Birmingham

Scunthorpe

Uttoxeter

Stafford

Barton Upon Humber

Grimsby, Cromwell Road

Nottingham, Mansfield Road

Rotherham

Great Bridge

Wolverhampton, Fallings Park

Netherton

Langley Mill

Bordesley

Sheffield, Darnall

Sheffield

Nottingham

Beeston

Blackheath

Coalville

Chaddesden

Wolverhampton

Halesowen

Sheffield Road

Telford

Woodseats

Lichfield

Cradley Heath

Alfreton

Tamworth

Nottingham

Lincoln, Dixon Street

Castlebeck

Arnold

Newark

Bingham

Kitts Green

Yardley

Ripley, Chapel Street

North Hykeham

Sandiacre

Lincoln, Deacon Road

Telford-Parkway

Nottingham, Carlton Road

Birmingham, Kings Heath

Gainsborough",https://www.reddit.com/r/CasualUK/comments/9649ir/so_some_of_you_were_asking_heres_the_full_list_of/,1533879802.0,158,0.97,79,CasualUK,MarkEasty
9642uy,Naked Mod Friday. This week's Mod : HPB in Lanzarote.,,https://vgy.me/kkr5zF.jpg,1533877918.0,128,0.86,49,CasualUK,HPB
961b47,Absolutely not a scam.,,https://i.redd.it/5yb38686c5f11.jpg,1533854767.0,608,0.98,110,CasualUK,salty-sigmar
96092a,UK has the greatest street names,,https://i.redd.it/2fywswo3q4f11.jpg,1533847332.0,76,0.91,20,CasualUK,bucky_ballers
960740,Sunset on the fens on my ride home,,https://imgur.com/gucr9mZ,1533846947.0,91,1.0,6,CasualUK,PM_ME_YOUR_ZITS_G1RL
95zzae,What was my neighbour doing in my bin?,,https://i.redd.it/1t6cyscnk4f11.jpg,1533845499.0,120,0.98,13,CasualUK,Aaronw94
95zwhf,"Time to play spot the difference, Slug &amp; Lettuce style!",,https://i.redd.it/dsez20v0j4f11.jpg,1533844980.0,161,0.98,47,CasualUK,red23dotme
95zb5o,"Had a great time at the Fringe, here is a lovely photo of Edinburgh Castle.",[deleted],https://imgur.com/ymSLv6n,1533841069.0,135,0.97,23,CasualUK,[deleted]
95za39,"Devon, 7.53pm, Beautiful.",[deleted],https://i.redd.it/pl8zr8uu64f11.jpg,1533840863.0,68,0.95,3,CasualUK,[deleted]
95yzrv,Bloody You've Been Framed,[deleted],https://www.reddit.com/r/CasualUK/comments/95yzrv/bloody_youve_been_framed/,1533838935.0,83,0.97,31,CasualUK,[deleted]
95yiuv,Its that time of year again. Go pick some of these juicy f*cks off the b*stard bush,,https://imgur.com/GbCvGZH,1533835815.0,219,0.96,56,CasualUK,silverbackjack
95y7ms,Busy train = I'll put my bike here (utter knob),,https://i.redd.it/wytfjgxsl3f11.jpg,1533833778.0,92,0.9,61,CasualUK,inhoue_orihime
95y51r,So do bags with dog shit in them magically disappear? Proper pisses me off.,,https://i.redd.it/kyiveiqbk3f11.jpg,1533833290.0,68,0.96,26,CasualUK,hirsty19784
95x8u3,Street sign in Scarborough,,https://i.redd.it/jzg0g3nk23f11.jpg,1533827337.0,121,0.96,20,CasualUK,AdministrativeTrain
95ws1z,How do you want your food cooked?,,https://i.imgur.com/7fvAX9q.jpg,1533824015.0,69,0.97,11,CasualUK,[deleted]
95wr3b,Man charged with walking pig without a lead in Norwich,,https://www.bbc.co.uk/news/uk-england-norfolk-45130907,1533823809.0,52,0.93,10,CasualUK,BCMM
95waqt,A custom Irn-Bru cooled PC for our Scottish brethren,,https://i.redd.it/toewtcuot1f11.jpg,1533820231.0,178,1.0,19,CasualUK,smithyithy_
95w7wj,"Oh, okay...",,https://i.redd.it/lsu2b9dkf2f11.jpg,1533819616.0,230,0.99,3,CasualUK,Jackster21
95w1hz,"They coulda been the best in the field when they were new, but now they are has-bins.",,https://imgur.com/LZ5a0KQ.jpg,1533818074.0,198,0.98,7,CasualUK,BottleGoblin
95vw0z,I wasn‚Äôt in so the Amazon driver gave my parcel to the funeral director..,,https://i.redd.it/vic7tqm372f11.jpg,1533816728.0,90,0.95,24,CasualUK,CosmicRay22
95vl60,When you enter the Debenhams perfume section.,,https://v.redd.it/wrhnkzlby1f11,1533813914.0,304,0.97,27,CasualUK,TheBirdCalledTweet
95urtb,If only there were a more direct route.,,https://i.redd.it/23g3bngm81f11.jpg,1533805131.0,586,0.98,75,CasualUK,teatowel_chicken
95upcm,George the monkey's trip to the Great British Beer Festival,,http://imgur.com/a/eCKkLuE,1533804254.0,62,0.92,31,CasualUK,MattyFTM
95ug6l,Seems accurate,,https://scontent-lht6-1.xx.fbcdn.net/v/t1.0-9/38802824_316263595588606_8397888200260976640_n.jpg?_nc_cat=0&amp;oh=e9e47fc8fd5739828ef0b787df200c78&amp;oe=5C0D8E8F,1533801178.0,18125,0.97,501,CasualUK,[deleted]
95udbg,"If the products are battered, dented, torn open and taped back together then you're shopping at Aldi.",,https://imgur.com/wLON6zE,1533800196.0,58,0.91,37,CasualUK,Stuf404
95u0oy,Thanks Dick and Dom,"Out to eat, my youngest said she had a bogey. Without thinking about it, I said at a moderate  level (a 2.3) ""bogies"". 

There was a pause.

Across the room comes a 4.5 BOGIES.

",https://www.reddit.com/r/CasualUK/comments/95u0oy/thanks_dick_and_dom/,1533796179.0,4059,0.93,470,CasualUK,Y-Bob
95r9rq,"Flybe I expected to board a plane, not a fridge from Currys.",,https://imgur.com/LJMgMTj,1533771250.0,158,0.98,11,CasualUK,aidan101
95qqku,The accidentally drunk post.,"I finished work (pub kitchen) at 10 and my staff took me to Spoons. I'm spoons drunk. Accidentally. They bought me many colourful and delicious drinks. I have to be up and a parent by 8am. 

Is getting accidentally drunk a thing? Especially Spoons drunk. God bless Spoons. 

Why are you still up, British reddit people who live in my phone? ",https://www.reddit.com/r/CasualUK/comments/95qqku/the_accidentally_drunk_post/,1533767145.0,85,0.92,87,CasualUK,[deleted]
95qf76,‚ÄúNational treasures‚Äù,,https://i.redd.it/dxk9stpuwxe11.jpg,1533764857.0,126,0.98,19,CasualUK,docju
95pvhs,The ice cream that comes with half the fucking Antarctic attached,,https://i.redd.it/ly55napllxe11.jpg,1533761071.0,435,0.98,59,CasualUK,FlatChestedZebra
95pos3,Challenge accepted,,https://i.imgur.com/ZumXv4A.jpg,1533759820.0,59,0.92,6,CasualUK,timboevbo
95pcif,had to double take in local curry house,,https://i.redd.it/kf1org04bxe11.jpg,1533757553.0,101,0.96,12,CasualUK,ermingtrout
95pbkw,"Off topic, but could you help me with my nan?",[deleted],https://www.reddit.com/r/CasualUK/comments/95pbkw/off_topic_but_could_you_help_me_with_my_nan/,1533757372.0,69,0.98,28,CasualUK,[deleted]
95oyn5,"Instructions unclear, bless them",,https://i.redd.it/n3io4d3l3xe11.jpg,1533755011.0,85,0.95,4,CasualUK,eddiekins
95owxb,Costco now stocking sewing kits on mass,,https://imgur.com/Kb8iEey,1533754706.0,157,0.92,14,CasualUK,thisiscotty
95ow93,Introducing ChuckleDec. Not the worst idea.,,https://i.redd.it/0ttvhbks0xe11.jpg,1533754577.0,1458,0.95,77,CasualUK,Barb_67
95oot7,The danger of ordering bog roll on Amazon,,https://imgur.com/owR17qd,1533753204.0,240,0.98,61,CasualUK,welshdonkey
95ocf8,"I very nearly fell for this scam earlier, because I have a colleague called Sarah who is somewhat hospital prone. I eventually realised it was fake. Have blurred the number as it's certainly from a stolen phone. Help make this bullshit known.",[deleted],https://i.redd.it/ntfm6l5jrwe11.jpg,1533750960.0,105,0.98,20,CasualUK,[deleted]
95oc12,Finally quit my call centre job.,[deleted],https://www.reddit.com/r/CasualUK/comments/95oc12/finally_quit_my_call_centre_job/,1533750886.0,215,0.98,69,CasualUK,[deleted]
95o76f,After 4 fails I've beat my anxiety and finally passed my test,[deleted],https://i.redd.it/voepd7koowe11.jpg,1533750001.0,984,0.95,150,CasualUK,[deleted]
95nl81,Sky News tried to use my mate Paul‚Äôs photo of a large fire in Manchester...didn‚Äôt end well.,,https://i.redd.it/7k7klahscwe11.jpg,1533746001.0,119,0.96,23,CasualUK,iainomc
95njka,My neighbour buys food online in bulk and often gives us extras if he has too much. This 21 inch long spaghetti is the latest gift.,,https://i.redd.it/pk3661nvbwe11.jpg,1533745694.0,94,0.97,31,CasualUK,phillepips
95muff,Providing a great service to the community...,,https://vgy.me/Rk8z7E.jpg,1533741059.0,48,0.95,13,CasualUK,Pringleheadmr
95m0r9,I asked Lidl for the complete list of stores offering their ¬£1.50 box of veg. They really don't want to tell people.,,https://i.imgur.com/wQpYagU.png,1533735106.0,320,0.97,116,CasualUK,anagoge
95lr4d,"Potato croquettes are ready for harvest too, looks like a good crop this year.",[deleted],https://i.imgur.com/43QeqFE.jpg,1533732991.0,71,0.93,7,CasualUK,[deleted]
95lkps,I just found out that Channel 4 have their own live stream of lofi hip hop but with Moss,,https://i.redd.it/t1njlxx75ve11.png,1533731431.0,696,0.98,32,CasualUK,TheVeneficus
95lfhp,Memories of getting left outside a pub as a child.,,https://i.redd.it/tpaga8jm1ve11.jpg,1533730151.0,93,0.97,27,CasualUK,Zombi1146
95l9rq,Manchester Bee sculptures are dotted around the city and they're pretty cool!,,https://imgur.com/YVBfqPF.jpg,1533728676.0,101,0.98,17,CasualUK,[deleted]
95l5zp,Dr Cox was correct people are B******S,"Last night driving home about 11:45 noticed a guy laying on the side of the road.. So we pulled over and I went to check if he was okay.. Unconscious..

My wife managed to wake him and he was able to speak he was clipped by a car which I can only assume did not stop by the fact the poor fella was on the side of the road

Who the hell does that.. 

I also hope for my faith in humanity nobody just drove past him before we found him",https://www.reddit.com/r/CasualUK/comments/95l5zp/dr_cox_was_correct_people_are_bs/,1533727638.0,101,0.97,52,CasualUK,Remylebeau45
95kvf1,Never seen this in the UK before...,,https://i.imgur.com/a9Gd8dX.jpg,1533724509.0,268,0.98,14,CasualUK,Sir_Ingsby
95ktg0,Im getting married today.,Wish me luck lads,https://www.reddit.com/r/CasualUK/comments/95ktg0/im_getting_married_today/,1533723864.0,161,0.91,56,CasualUK,kingwisey
95kjkb,Why is Gregg Wallace wearing a hairnet when he has no hair?,,https://i.redd.it/mvkflffs9ue11.jpg,1533720822.0,527,0.98,50,CasualUK,idlewildgirl
hkql9f,"We had hedgehogs in the garden last night, first baby hedgehog we have had in years!",,https://v.redd.it/r7bp5j5tep851,1593809020.0,166,0.99,10,CasualUK,tommy_jackson9
hkpyf4,"The Hedgehog in my Garden has had babies, and we saw them for the first time today &lt;3",,https://i.redd.it/wmpiclkb8p851.jpg,1593806779.0,25708,0.97,271,CasualUK,sophied144
hkp1y0,My whole life was a lie,,https://i.redd.it/emr9yrf37o851.jpg,1593803625.0,294,0.97,18,CasualUK,JoshA2807
hknchc,Spotted on the side of a food van üòÜ,,https://i.imgur.com/7nTOw4D.jpg,1593797789.0,114,0.87,0,CasualUK,custardy_cream
hkn3hq,Please enjoy this slow motion video of a coal tit eating from my bird feeder this afternoon.,,https://v.redd.it/bgkwkelveo851,1593796975.0,224,0.99,21,CasualUK,JohnRCC
hi23p8,"Forget my degree, THIS is my biggest achievement",,https://i.imgur.com/OfzgSZr.jpg,1593445095.0,9845,0.98,203,CasualUK,ateam55
hhlyx9,I was wrong all those years ago... Blur were better than Oasis.,"Over the past 4-5 years I've come to the conclusion that Blur were the far superior band. I used to love Oasis back in the day and wasn't keen on Blur at all. The songs have just aged better IMO. I still love a few Oasis songs, but the more I hear Blur, the more I appreciate them. Anyone else feel the same? Or maybe the exact opposite?",https://www.reddit.com/r/CasualUK/comments/hhlyx9/i_was_wrong_all_those_years_ago_blur_were_better/,1593376745.0,343,0.87,173,CasualUK,A_Song_of_Two_Humans
hhley6,Best name for taxidermy shop.,,https://i.redd.it/gwxppv54kp751.jpg,1593374900.0,1468,0.99,57,CasualUK,knight_who_says_Nii
hhh4r0,"My 65 y.o. mother went to collect her takeaway in person. Still tipped, bless her.",,https://i.redd.it/jn7dmj1oeo751.jpg,1593360957.0,197,0.97,27,CasualUK,charlie_stuart
hhgus1,You spend all year nurturing plants and then nature self seeds and shows you how its really done.,,https://i.redd.it/4q0ln5mubo751.jpg,1593360012.0,533,0.99,20,CasualUK,Caxtoncottage
hh26z5,Hedgehogs should be England's national animal... Not Swans,"When was the last time a Hedgehog was a c*nt to you, now when was last time a Swan was a c*nt 

Nuff said..",https://www.reddit.com/r/CasualUK/comments/hh26z5/hedgehogs_should_be_englands_national_animal_not/,1593294278.0,392,0.95,94,CasualUK,[deleted]
hh1amp,Typical,,https://v.redd.it/avxlzwe9ni751,1593291216.0,6324,0.99,64,CasualUK,hullguy1
hh0s5m,Parked in a disabled space,,https://i.redd.it/95szhox2ii751.jpg,1593289465.0,1242,0.99,39,CasualUK,laTeDIst
hh0eit,Perfect Rainbow in Asda Car Park,,https://imgur.com/ByTeCAX,1593288189.0,575,0.99,20,CasualUK,nakedbushman
hgymrd,My ¬£1.25 Sainsbury‚Äôs basil plant has graduated to basil bush !,,https://i.redd.it/f67kkberwh751.jpg,1593282297.0,1338,0.99,61,CasualUK,Sommer_Sonne
hgxgd1,Can we all take a moment to appreciate this super yacht,,https://i.redd.it/tfxwbii2hg751.jpg,1593278385.0,218,0.96,25,CasualUK,executionersbong69
hgwwiv,"Backstreet in Ramsbottom, Lancashire",,https://i.redd.it/p1ka3egjfh751.jpg,1593276515.0,1991,0.99,139,CasualUK,[deleted]
hf5nko,Cornwall could have been The Caribbean today.,,https://i.imgur.com/SXnSaTi.jpg,1593020945.0,9020,0.97,181,CasualUK,Turbo_Heel
hcuemg,"Tesco Winegums, not for the kids anymore",[deleted],https://i.redd.it/01qs7zp4y4651.jpg,1592689517.0,344,0.97,20,CasualUK,[deleted]
hctued,My mate Jack fancied a bit of bonfire,[deleted],https://i.redd.it/k0nfc2apr4651.jpg,1592687409.0,244,0.96,14,CasualUK,[deleted]
hctjwa,Lovely day in the fells,,https://i.redd.it/wg6mktrio4651.jpg,1592686295.0,616,0.99,17,CasualUK,Yeahnofucks
hcrwej,"My local bakery still sells Mr Blobby biscuits, even though he's only been on TV about 6 times in the last 20 years (and they're the greatest biscuits known to man)",,https://i.redd.it/peu93cpe64651.jpg,1592680212.0,3235,0.99,146,CasualUK,jckmthr
hcrgmc,Bit worried now. Not sure what to beware of.,,https://i.redd.it/v395rutq14651.jpg,1592678634.0,414,0.99,30,CasualUK,euroclives
hcqngu,The Great British Battle of Rather British Things - RESULTS!,,https://i.redd.it/xawv5lo7t3651.png,1592675777.0,258,0.92,67,CasualUK,Zazsona
hcppr3,"This is Slim Brin the Chip Bin. He's taken up residence in the tree by my window, and when he sees me having my dinner, the little sod patrols the windowsill inches next to my face and stares at me until I give him some. I think I have a pet. Or, more likely, he does.",[deleted],https://i.redd.it/qfuoepb3j3651.jpg,1592672543.0,736,0.99,19,CasualUK,[deleted]
hc57q0,Lift the flap to find out...,,https://i.redd.it/0aw9m3pjmw551.jpg,1592588766.0,639,0.99,22,CasualUK,3scap3plan
hc1oce,"Tesco doughnuts are now a 4 pack but only 10p less AND they have the audacity to continue using the 5 pack bags. It's an outrage, it's a scandal!",,https://i.redd.it/jx7d7d4hnv551.jpg,1592576974.0,2529,0.99,222,CasualUK,[deleted]
hb17pf,"Stormy skies, Blithfield UK.",,https://v.redd.it/5ano45camj551,1592431327.0,1620,0.99,30,CasualUK,superdanday
hazy00,Pod of dolphins playing and hunting just off the Wirral Coast today,,https://i.redd.it/v0ohr18iaj551.jpg,1592427328.0,1301,1.0,43,CasualUK,RidgeBuoys
haycjw,Sunset near Shrewsbury now.,,https://i.redd.it/7xtesgfivi551.jpg,1592422285.0,1072,0.98,28,CasualUK,saloplad
hau8g4,Just some police on horses rescuing a duckling which had fallen down a drain.,,https://i.redd.it/di3gtmomvh551.jpg,1592410292.0,2967,0.92,112,CasualUK,calbatron
ha5och,The reflection looks like a confused troll in a fez.,,https://i.redd.it/5hu5ueomea551.jpg,1592319752.0,932,0.99,22,CasualUK,verlboy90
h90pxv,Polite Notice I clocked on the drive home. Clearly been getting a lot more pedestrians during lockdown.ü§∑‚Äç‚ôÇÔ∏è,,https://i.redd.it/81uyir49nx451.jpg,1592165263.0,85,0.95,14,CasualUK,MKUltraSonic
h8zvv1,"A little inspiration from the workplace, on a colleague's monitor.",,https://i.redd.it/e23epqzwex451.jpg,1592162461.0,197,0.97,18,CasualUK,RidgeBuoys
h8zmvm,The bees were out in great numbers this evening! Too engrossed in their flowers to bother anybody.,,https://i.redd.it/cc3u4sv7cx451.jpg,1592161620.0,105,0.99,9,CasualUK,odious_odes
h8xcj9,His royal highness Garfield likes to be carried around the house like this,,https://i.redd.it/ywv7jdx7pw451.jpg,1592153823.0,714,0.98,26,CasualUK,scream_schleam
h8h0fq,The bathbomb I used has suddenly made me want a shower.,,https://i.redd.it/9mqpnb0r3r451.jpg,1592086064.0,248,0.98,32,CasualUK,TAMH13
h8g9uv,Thinking downstairs toilet.,,https://i.redd.it/ptsycrvnwq451.jpg,1592083681.0,293,0.96,31,CasualUK,daveydeepee
h8g6om,"Photo my husband took a few weeks ago, the bluebells are native and so many means these are likely to be ancient woodlands that we‚Äôre lucky enough to live 5mins from. Yorkshire is a beautiful place.",,https://i.redd.it/qc7unu6wvq451.jpg,1592083422.0,683,0.98,31,CasualUK,1979vintage
h8g38a,Sunset over rural Shropshire this evening,,https://i.redd.it/dph0b9e0vq451.jpg,1592083124.0,112,0.97,8,CasualUK,saloplad
h8fbh7,Anyone remember when UK TV decided it was a bright idea to put THIS nightmare on kids TV?,,https://i.redd.it/p1c3sqernq451.jpg,1592080685.0,228,0.97,38,CasualUK,[deleted]
h8f2sr,Oddly calming walk along the rough Seafront of Paignton,,https://i.imgur.com/rUdVOK8.jpg,1592079941.0,149,0.98,18,CasualUK,nagerb
h8enq4,Summer evenings are my favourite.,[deleted],https://i.redd.it/kritwfbphq451.jpg,1592078651.0,911,0.99,7,CasualUK,[deleted]
h8e4k1,Our first harvest from the allotment!,,https://i.imgur.com/ZE7K63W.jpg,1592076994.0,652,0.99,15,CasualUK,JayneLut
h8dye5,"Poppy field near Condicote, Gloucestershire",,https://i.redd.it/02jecyo8bq451.jpg,1592076479.0,616,0.99,14,CasualUK,DaddyArc
h8dcde,Am I the only person to never realize that orange smarties taste like orange chocolate for 28 year's?,[deleted],https://i.redd.it/dsyxvtkn5q451.png,1592074598.0,113,0.93,42,CasualUK,[deleted]
h8cx69,"I've been doing the shopping for my neigbours who have been shielding for the last couple of weeks,and they made me this cake to say thank you!",[deleted],https://i.redd.it/kk4ouofi1q451.jpg,1592073205.0,1097,0.99,36,CasualUK,[deleted]
h8c7bi,"Grilled Pork Chops, mustard mash and creamy cider and herb sauce. All homemade. Classic British comfort food.",,https://i.redd.it/lf8i4nyjup451.jpg,1592070868.0,199,0.86,38,CasualUK,Brooksy925
h8bc8h,Number plate of a van delivering portaloos,,https://i.redd.it/jd7ga063mp451.jpg,1592068022.0,7840,0.99,97,CasualUK,Andy_Cohen_1979
h8a5hj,"Neighbours cat.. missing out the middleman, going straight for the bird food",,https://i.redd.it/avhu0ihaap451.jpg,1592064052.0,84,0.98,9,CasualUK,justinitforthesci
h89v10,She most certainly does not.,,https://i.imgur.com/nquySdS.jpg,1592063057.0,356,0.98,13,CasualUK,ahrimaniac
h88z8v,Lovely UK weather rolling in here in Wales!,,https://i.redd.it/70zf7sdayo451.jpg,1592060015.0,212,0.98,35,CasualUK,Ray_J4626
h86b7x,Met some very tame wild ducks ü¶Ü,,https://v.redd.it/rhau0vc84o451,1592049973.0,191,0.97,24,CasualUK,FloralRoseX
h86350,"After 3 months after not being able to give my Dad a hug, just gave him the biggest bear hug in the world.",Honestly was the best hug.,https://www.reddit.com/r/CasualUK/comments/h86350/after_3_months_after_not_being_able_to_give_my/,1592049011.0,118,0.91,46,CasualUK,[deleted]
h85ozv,First thing I have ever successfully grown!,,https://i.redd.it/5vkcoso4wn451.jpg,1592047191.0,2344,0.99,63,CasualUK,squidtooth
h854jn,When you think you‚Äôre too good for the Take That reunion and it turns out to be a massive mistake,,https://i.redd.it/vph66nqynn451.jpg,1592044433.0,254,0.97,9,CasualUK,LJayTat
h854d5,"Hoping I don‚Äôt catch Carista Virus off these. Aldi giving no fucks about a brand when they‚Äôre down, which I respect.",,https://i.redd.it/ocegfsivnn451.jpg,1592044404.0,416,0.95,57,CasualUK,shizzlebizzleuk
h84kxg,"I woke up at 5am to cycle to the Chilterns. CasualUK, I hurt.",[deleted],https://i.redd.it/2g1hw6v2gn451.jpg,1592041781.0,1521,0.96,182,CasualUK,[deleted]
h84k7i,I've never been so lucky before,,https://i.redd.it/iwvfd32gfn451.jpg,1592041683.0,453,0.97,28,CasualUK,MugetsuMusab
h84a26,Letters like this show how much of a legend Rik Mayall was.,,https://i.redd.it/7o8ekzqlbn451.png,1592040281.0,6442,0.97,261,CasualUK,welshie123
h83ejw,Mood,[deleted],https://i.redd.it/9wpzhnvfym451.jpg,1592035850.0,226,0.99,10,CasualUK,[deleted]
h833ul,MRW the missus uses all but the last rasher of bacon,,https://i.redd.it/x3bwqutwtm451.jpg,1592034349.0,257,0.95,25,CasualUK,localgasgiant
h8273c,"This morning I was remembering the VHS man that would come round every week. There was also the fizzy pop man, the egg man, the coal man, the scrap man, the bread man, milk man, butcher man, the fish man and the teenager selling weed from the ice cream van. My top 10 men growing up on the estate.",,https://www.reddit.com/r/CasualUK/comments/h8273c/this_morning_i_was_remembering_the_vhs_man_that/,1592029957.0,410,0.98,108,CasualUK,RedBanana99
h7wi8c,Crap! Anyone got any change?,,https://i.redd.it/bpl9n7nxkk451.jpg,1592007115.0,200,0.99,22,CasualUK,Ollymid2
h7vdxj,"My first attempt at Baklava! I didn't mean to make 4 little flags, but the recipe suggested triangles and now I can't stop seeing Union Jacks...",,https://i.redd.it/6q7risrd9k451.jpg,1592003378.0,107,0.97,25,CasualUK,catandbooks
h7skx8,"A very British response, cheers Jon!",,https://i.redd.it/5c5fw16aij451.png,1591994095.0,62826,0.97,663,CasualUK,Brilliantas
h7rz6u,"Great idea Tesco, thanks very much",,https://i.imgur.com/5YzDTqn.png,1591992097.0,298,0.97,13,CasualUK,Olly7
h7rinm,Don‚Äôt you just hate it when the chocolate has cracked when you open your magnum?,,https://i.redd.it/tyttmrbx7j451.jpg,1591990612.0,90,0.86,60,CasualUK,Yeomanroach
h7qdcx,Poor bloke doesnt even get a full sized bath!,,https://i.redd.it/d4sp5xjxwi451.jpg,1591986914.0,249,0.97,5,CasualUK,ThebigDTdestroyer
h7pyu2,Download at home! Is anyone else watching and pretending to be there?,,https://i.redd.it/z8vhwe54ti451.jpg,1591985631.0,92,0.9,35,CasualUK,childrenofthegravee
h7oxso,You guys seemed to enjoy the last one I posted so I thought I'd share another angle including the church with Anne bronte's grave.,,https://i.redd.it/15vsw3y9ji451.jpg,1591982346.0,84,0.94,8,CasualUK,PretendingToBeThings
h7nlib,The Great British Battle Of Rather British Things II - Round 1!,,https://i.redd.it/lz8k88d85i451.png,1591978199.0,195,0.89,84,CasualUK,Zazsona
h7kxr4,It must be really haunted around here,,https://i.redd.it/if1j9tijqh531.png,1591969449.0,1073,0.98,41,CasualUK,APelicansHorse
h7k4q5,Just spotted this this caterpillar outside Sainsbury's that looks exactly like a fag-end (included a dead leaf for scale),,https://i.imgur.com/5DCvZ3s.jpg,1591966329.0,1109,0.97,46,CasualUK,PhordPrefect
h7k2rr,We're back to the bad old days of three ice cream flavours - and we can't even have strawberry,,https://i.imgur.com/XGjUBwd.jpg,1591966107.0,68,0.93,24,CasualUK,PhordPrefect
h7iltx,I was greeted with a smile from my Aero mousse this morning.,,https://i.redd.it/fqxl2aqjng451.jpg,1591959544.0,159,0.96,11,CasualUK,Yelvy16
h7id3m,"In lockdown, mum has been collaborating with our 85yo neighbour on an allotment. She just sent me this, with mug for scale, and the caption: ""Living off the land. And Asda.""",,https://i.redd.it/p0d5dn5xjg451.jpg,1591958325.0,110,0.96,8,CasualUK,happygrind
h7hao3,Matalan bag,,https://i.redd.it/5hnq81nq3g451.jpg,1591952884.0,10222,0.96,139,CasualUK,ThegreatestPj
h7g414,12/06/20 - State of the Subreddit and getting your thoughts,"Hello!

We've been having a bit of a chinwag in the mod lair and wanted to get the thoughts of you, the unwashed masses. We usually do an annual survey where people can suggest thoughts and opinions, but as this year has been unusual I think it makes sense to open things up a little sooner. We're halfway through the year and three months into a lockdown, so let's chat.

Some quick thoughts to start you off;

- We have had an ever so slight relaxation of our 'no politics' rule which was [detailed here](https://old.reddit.com/r/CasualUK/comments/fhk93i/coronaviruscovid19_on_casualuk/) when the severity of coronavirus became apparent. In essence, alluding to the ongoing restrictions by saying ""the UK govt is doing xyz"" was fine, but saying ""the UK govt is doing xyz and I think it is bad"" or, ""the Tories/Labour are doing xyz"" for example was still against the no politics rule. This slight relaxation will remain in place, but remember the rule is no politics or political references regardless of context or intent. You will receive a 1 day ban for a comment and 3 days for a post.

- As a result of coronavirus, we have introduced the temporary Rule 10 ""coronaposting"". It's a bit of a catch all overlap with low effort, and was used constantly throughout March and April, especially. We had literally thousands of posts removed. We get a lot of low effort posts, repetitive landscape posts, reposts about big topics or ""one upping"" posts. Our moderation process is to use our subjective judgement to remove posts, often discussing things as a mod team before making a decision. For example, if there are 10 gorgeous landscapes posted at once, we'll likely remove 9 of them and remove any more posted that day. It's nothing personal, we know people like the British landscape, but we're not a subreddit exclusively for that.

- Added to this, we do not automate any moderation. We think it is necessary and essential to manually remove posts. Sometimes we are either too busy with the sub to leave a comment or just forget (we're people with lives, y'know?). If we've removed yours and you're not sure why pop us a message in modmail. We may be sarcastic or blunt back to you, but then again it's just the internet so if your picture of loo roll was removed then it's not the end of the world, is it? Often, we remove a post like this because it would not generate discussion, so posting your unremarkable picture as a question designed to generate discussion would be much better.

- Which leads me to discussion threads. Some of our favourite posts as mods have been discussion threads. They get people really interacting and create a community feel. Are there any threads you would like to see or start yourself? [This thread about slang](https://old.reddit.com/r/CasualUK/comments/h06tcq/is_there_any_british_slang_or_colloquialisms_that/) was great, for example. A thread about your favourite biscuit is not any more. Any regular ideas that you have? We are always excited to see great OC and will support those who want to post it on Casuk - see the regular quizzes and recipes.

- Food posts. A lot of posts are about what you've eaten. These will be removed and redirected to /r/UK_food unless they are either very good or hilariously bad. Either way we will need a recipe to be posted in the comments to keep the food post up. Please encourage the shit food posts to post their recipe most of all.

Anything else that's on your mind? Are there any sort of posts that you believe are starting to get overplayed and we can keep an eye out for? We like to think we do an alright job, but any thoughts would be appreciated. If you're not comfortable posting publicly then pop us a modmail.

Here's a quick reminder of the [Corona ideas megathread](https://old.reddit.com/r/CasualUK/comments/flvq3v/casualuks_stuck_at_home_forever_megathread_things/) which may still be useful for those stuck at home.",https://www.reddit.com/r/CasualUK/comments/h7g414/120620_state_of_the_subreddit_and_getting_your/,1591946554.0,82,0.98,218,CasualUK,jptoc
h7fsrs,Had better starts to the weekend!,,https://imgur.com/NdX6oj6,1591944940.0,229,0.98,97,CasualUK,Actual-Bell
h7a967,The North East has some hidden Beauty spots,,https://v.redd.it/tcxpf5zlid451,1591921724.0,87,0.98,16,CasualUK,JackWheldon
h78qcg,"Took this picture from Scarborough castle last year, still one of my favourite images I've taken.",,https://i.redd.it/ujyy2dnm3d451.jpg,1591916526.0,69,0.96,0,CasualUK,Mr_equilibrium1
h78cve,Piss Wall of Shame,,https://i.redd.it/6rne5p8wzc451.jpg,1591915270.0,176,1.0,29,CasualUK,[deleted]
h77t47,Spotted in Wales,,https://i.redd.it/pvzpe89ruc451.jpg,1591913541.0,340,0.99,12,CasualUK,always_occasionally
h187ot,The worst video I have ever witnessed,,https://v.redd.it/sfx3ekqikc451,1591910115.0,78,0.92,28,CasualUK,deactivated-
h1858w,"People are full of horror stories about living on council estates, but","My youngest cat got in a fight, because he‚Äôs an idiot

He had to have surgery on his neck 2 days ago, so he‚Äôs been kept in, just sitting there looking miserable on my windowsill 

A couple of hours ago my (83yr old) neighbour knocked on my door (keeping 2m apart as I have heart issues), she said she noticed him looking sorry for himself, and handed me 3 cans of tinned salmon, to ‚Äòcheer him up‚Äô, she hates cats",https://www.reddit.com/r/CasualUK/comments/h1858w/people_are_full_of_horror_stories_about_living_on/,1591909905.0,167,0.98,51,CasualUK,turingthecat
h16zyb,"If we're going down the rabbit hole of lost chocolate bars, can we get a moment's silence for this absolute legend?",,https://imgur.com/8g3cD4B,1591906325.0,276,0.97,68,CasualUK,Mish106
h15rdy,Bloody hell springwatch wait till 9,,https://v.redd.it/c2b95givxb451,1591902539.0,152,0.99,13,CasualUK,bowlersgrip
h14m3t,I went through my grandma's pantry and found this cool progression of Bart spices,,https://i.redd.it/rhcay77pnb451.jpg,1591899112.0,138,0.99,26,CasualUK,wtfgladys
h13dk0,Bowie Roundabout,,https://i.redd.it/cabtiblicb451.jpg,1591895317.0,308,0.94,6,CasualUK,359bri
h12x2d,"My girlfriend said stop playing video games and do something else, so i started reading banana reviews on Waitrose. This was my favourite.",,https://imgur.com/EgXJ9N3,1591893913.0,655,0.97,47,CasualUK,masterpharos
h11irs,The UK's barn owls are growing in number ‚Äì and for once it's thanks to humans,,https://www.theguardian.com/environment/2020/jun/11/barn-owls-are-back-in-growing-numbers-and-for-once-its-thanks-to-humans-aoe,1591889514.0,95,0.98,11,CasualUK,Fosse22
h0zse3,My place of work just turned taking a piss into a power sport,,https://i.redd.it/80oef74uda451.jpg,1591883867.0,597,0.98,46,CasualUK,Downside190
h0zhfr,My 7 yr old nephew has his bday tomorrow but obviously can't have a party. This is his 'lockdown cake' - he did the piping himself -,,https://i.redd.it/08v0kou7ba451.jpg,1591882757.0,639,0.99,34,CasualUK,Gabuloid
h0zgxf,"You seemed to like my Robin photo, so here's one of a Blue Tit",,https://i.redd.it/snrahm2zaa451.jpg,1591882702.0,5404,0.99,128,CasualUK,AndyRHT
h0z5en,RNLI Rescue Hovercraft,,https://i.redd.it/vo7t7kdh5a451.jpg,1591881502.0,65,0.95,9,CasualUK,RidgeBuoys
h0yxui,The underground barber scene is looking on boss,,https://i.redd.it/6ddd1to55a451.jpg,1591880719.0,133,0.92,28,CasualUK,can-i-see-my-kids-
h0yv7w,Scotland is beautiful.,,https://i.redd.it/v7blrpvc4a451.jpg,1591880454.0,76,0.9,9,CasualUK,Wavetune
h0yu91,I do love the Kent countryside!,,https://i.redd.it/hp63u5hy3a451.jpg,1591880354.0,117,0.97,18,CasualUK,Nightrax007
h0x9br,Misses stayed up last night to prepare this surprise for me when I got up at 2am for work.,,https://i.redd.it/oxd51nw5k9451.jpg,1591873705.0,255,0.96,29,CasualUK,MrJCR
95kh3x,Found this little fella in my garden this morning!,,https://i.redd.it/qhkija9i7ue11.jpg,1533720012.0,75,0.95,21,CasualUK,DeadYen
95ke1m,Anyone fancy losing a bit of weight?,"I'm fat again. My weight has been up and down like a yoyo over the past 4 or 5 years but I'm determined to lose it once and for all. Anyone wanna do it with me for accountability? It's always easier with others!

Could be a bet or a competition etc, anyone feel free to throw out ideas for the best way to do it!",https://www.reddit.com/r/CasualUK/comments/95ke1m/anyone_fancy_losing_a_bit_of_weight/,1533719010.0,97,0.95,187,CasualUK,[deleted]
95kd7a,British humour has to be one of it's kind.,,https://i.redd.it/8j4wmhyp3ue11.png,1533718742.0,21097,0.94,204,CasualUK,I_make_usernames_AMA
95k4bb,"What an abomination... Yes, that‚Äôs Kebab Meat.",,https://i.redd.it/w0vbis9iute11.jpg,1533715640.0,192,0.94,91,CasualUK,Chad_Shady
95jrn3,The only reason I have Instagram. The Inner Machinations of Gregg Wallace's mind are an enigma,,https://i.redd.it/q5o8t6tmite11.jpg,1533711646.0,790,0.98,139,CasualUK,HarryGoLocky
95jbio,Katy has been found and is safe - thank you to those who shared the police appeal with friends and family. [Original post deleted as unable to edit to update from missing to found],I really appreciate everyone‚Äôs concern and those who shared with friends and family - thank you. ,https://www.reddit.com/r/CasualUK/comments/95jbio/katy_has_been_found_and_is_safe_thank_you_to/,1533706747.0,91,0.93,6,CasualUK,hairyfacedhooman
95iuzf,First time punting!,,https://i.redd.it/qcotcj08qse11.jpg,1533702090.0,1281,0.97,120,CasualUK,[deleted]
95g0ez,"If you have friends or family in the Oxford/Abingdon area, *PLEASE* share this with them. My friend is missing, and police, friends and family are concerned for her wellbeing. Police appeal in comments.",[deleted],https://i.redd.it/i09dkjowpqe11.jpg,1533678637.0,146,0.93,9,CasualUK,[deleted]
95f8um,The UK never ceases to entertain me. Found this pinned up in the street.,[deleted],https://i.redd.it/k1gx2fmwcqe11.jpg,1533673397.0,79,0.98,25,CasualUK,[deleted]
95enul,When listening to music on the tube just doesn't cut it any more,,https://i.redd.it/jx1cv67irk811.jpg,1533669470.0,137,0.97,20,CasualUK,phonetune
95ed7o,Free open ticket from Durham to Chesterfield under the ticket machine valid until 5 Sep,,https://i.redd.it/k65q1k2hvpe11.jpg,1533667536.0,346,0.97,25,CasualUK,alexllew
95eamm,My dad lives in Canada and he sent me a picture of his last slither of black pudding i got him last year he defrosted for breakfast. Please show him support in these difficult times,,https://i.redd.it/dcku9fm0upe11.png,1533667044.0,177,0.97,33,CasualUK,[deleted]
95ea40,Old scottish people humour,[deleted],https://i.redd.it/2ewblqce9pe11.jpg,1533666951.0,498,0.98,6,CasualUK,[deleted]
95e848,BECAUSE YOU‚ÄôVE BEEN IN MY LIFE FOREVER?!,,https://i.redd.it/g4opyjwmspe11.jpg,1533666581.0,690,0.99,43,CasualUK,Wit_tank
95e53m,Shout out to the checkout guy at Holland and Barrett who taught tourists how to queue!,[removed],https://www.reddit.com/r/CasualUK/comments/95e53m/shout_out_to_the_checkout_guy_at_holland_and/,1533666008.0,1337,0.99,203,CasualUK,meisangry2
95cq30,Amazing view from my walk today.,,https://i.redd.it/gwboq97iyoe11.jpg,1533656450.0,94,0.97,18,CasualUK,CosmicRay22
95cky0,A shot of a York sunset,,https://i.redd.it/t77zbgu6voe11.jpg,1533655486.0,502,0.99,50,CasualUK,fasdfasfasdfadfasdf
95bzq0,Just imagine wielding this power.,,https://i.imgur.com/F1nt0wO.jpg,1533651268.0,271,0.98,57,CasualUK,anagoge
95bqjf,"When you're in the countryside, and say it smells like shit and your parents would always reply ""its good for you""","Really, dad? Is it?",https://www.reddit.com/r/CasualUK/comments/95bqjf/when_youre_in_the_countryside_and_say_it_smells/,1533649356.0,57,0.96,19,CasualUK,nipplebuttsalad
95bojh,"Poundworld closes, Poundland rubs salt in the wounds",,https://i.redd.it/0p20v5y6coe11.jpg,1533648946.0,373,0.98,38,CasualUK,Reece_Ord
95bdaf,How has this not happened yet?,,https://i.redd.it/xyiae3yr4oe11.jpg,1533646451.0,127,0.97,22,CasualUK,WhoMD21
95b79j,The UK is kinda like four small robots that can combine when nessessery to form one giant robot,[deleted],https://www.reddit.com/r/CasualUK/comments/95b79j/the_uk_is_kinda_like_four_small_robots_that_can/,1533644990.0,146,0.95,42,CasualUK,[deleted]
95b3es,Just handed my notice in at work!,"I went part time in April but from September 2nd I will be a full time stay at home Dad, honestly one of the best things I've ever decided to do",https://www.reddit.com/r/CasualUK/comments/95b3es/just_handed_my_notice_in_at_work/,1533644034.0,87,0.93,47,CasualUK,sircrespo
95b3da,Found the source of the heat wave. I asked them kindly to stop.,,https://i.redd.it/mfb6ay3kxne11.jpg,1533644023.0,186,0.98,1,CasualUK,darth_suburbs
95ax8j,Called my bluff,,https://imgur.com/oRec91Q.jpg,1533642529.0,70,0.91,12,CasualUK,Greganor
95awt8,"""That the hymn of the English was born of an anus, which never ceases to make me laugh without however surprising me for a moment""",,https://i.redd.it/byhtohy67ne11.jpg,1533642424.0,114,0.96,13,CasualUK,Reksica
95avth,"It‚Äôs results day in Scotland, and Royal Mail are showing their support!",[deleted],https://i.redd.it/jhpv94z0sne11.jpg,1533642162.0,215,0.99,50,CasualUK,[deleted]
95arkx,I'd forgotten about these,,https://imgur.com/8sIWMp3.jpg,1533641026.0,872,0.98,51,CasualUK,Greganor
95arf5,"I dipped my whole biscuit for 2 seconds longer than needed, then as I un-dipped it I only had half the biscuit remaining in my hand, after 5 minutes of mourning and finishing off my tea I find a smug face on the bottom of my mug.",,https://i.redd.it/na1nowahone11.jpg,1533640982.0,118,0.89,12,CasualUK,[deleted]
95ahtf,When your local Library uses a Porn picture to advertise its library services.,,https://i.redd.it/d3koitaoene11.jpg,1533638208.0,390,0.98,93,CasualUK,NontraditionalTom
95ahh3,"TIL London buses are white on top, how did I not know this?",,https://i.redd.it/qdnvb2zxfne11.jpg,1533638099.0,290,0.98,73,CasualUK,Rosskillington
95ag04,Last night I dreamt I went into a WHSmiths...,"But the shelves were bare of newspapers, magazines and stationery.
All they were selling were chocolate bars. I was told by the assistant that they'd finally taken the plunge and converted into a chain of confectionery shops.

It seems to make too much sense. ",https://www.reddit.com/r/CasualUK/comments/95ag04/last_night_i_dreamt_i_went_into_a_whsmiths/,1533637657.0,53,0.99,26,CasualUK,Madeline_Basset
95aexv,"If John Nettles has taught me anything, it's to not trust the people of this town",,https://imgur.com/SnMBC9I.jpg,1533637326.0,86,0.98,19,CasualUK,mrprincepercy
95adsv,It‚Äôs an old photo but it reminds us how much a small act of kindness can mean to someone,,https://i.redd.it/qbl7zdnlcne11.jpg,1533636973.0,1496,0.98,72,CasualUK,Klopptomaniac
959t0f,Sound more british by adding an s to the end of any supermarket that doesn't have one already.,Tescos.,https://www.reddit.com/r/CasualUK/comments/959t0f/sound_more_british_by_adding_an_s_to_the_end_of/,1533630136.0,158,0.96,158,CasualUK,B-e-a-utiful_day
959elc,Let my dog through you absolute tossers,,https://i.redd.it/1tf1fe5aeme11.jpg,1533625432.0,11706,0.95,497,CasualUK,jll986
9599zb,This was a crumpet. Ruined by my kids. RIP Crumpet.,,https://i.redd.it/0fahq7u4ame11.jpg,1533624038.0,388,0.96,100,CasualUK,gingerbenji
9599d4,"Whopping great fire, Derbyshire",,https://i.imgur.com/Tc5b2gd.jpg,1533623841.0,58,1.0,10,CasualUK,TheEmoSpeeds666
9596cv,"In Scotland we're getting our results today, wish us luck!",,https://www.reddit.com/r/CasualUK/comments/9596cv/in_scotland_were_getting_our_results_today_wish/,1533622923.0,170,0.93,45,CasualUK,tho_da_cuppa_joe
955ny7,I'm still angry that these bad boys weren't even included in the Crisp-Off.,,https://i.imgur.com/yJHzbBQ.jpg,1533592838.0,52,0.93,8,CasualUK,sambo2711
9556sw,Now thats what I call full body...,,https://i.redd.it/9f2gyl6cfje11.jpg,1533589466.0,208,0.99,11,CasualUK,BigPapaSmurf23
9553dg,Was sad to see our suburban pizzaslice shop close down due to domino's moving in next door...,"Walked past as they were pulling the shutters down this evening while throwing the last of the interior into the skip. ""The bastards won"" he says, so when i ask what next, he doesnt look sad at all but grins and says ""well, if they want to play, we'll play, we're up for it! We're changing up, going to do steaks and fancy kebabs next!"". He looked like they were spoiling for a fight and not at all daunted.. nice to see a local place not just surviving but fighting their own corner and staying positive with all the bad news and gloom at the moment!",https://www.reddit.com/r/CasualUK/comments/9553dg/was_sad_to_see_our_suburban_pizzaslice_shop_close/,1533588817.0,66,0.97,21,CasualUK,fc89
954k3t,Britain everybody üëèüèªüëèüèª,,https://i.redd.it/mn7s6ebj2je11.jpg,1533585161.0,213,0.97,36,CasualUK,[deleted]
953ko8,This heatwave has officially become a threat to society as we know it.,,https://i.imgur.com/vwOiRaM.jpg,1533578476.0,109,0.99,13,CasualUK,newb0rn11
953fy0,"Just been on a local sightseeing trip - Bolton, Phoenix Nights film location",,https://i.imgur.com/GOY61Xo.jpg,1533577620.0,62,0.97,21,CasualUK,ColourfulChicken
953bkl,Nostalgia or just poor?,,https://imgur.com/balSic4,1533576786.0,70,0.96,45,CasualUK,nathanmcc1
952srs,Iv made it my little goal to taste every product from this shitty range. #2: Crispy chicken breast with chips &amp; bacon.,,https://i.imgur.com/t7YAiJU.jpg,1533573209.0,100,0.96,56,CasualUK,9DAN2
952nr1,Its fish finger harvest time,[deleted],https://imgur.com/eWSRHuj,1533572247.0,120,0.99,7,CasualUK,[deleted]
952m9n,What percentage of the BBC website‚Äôs hit count is us only using it to check if our WiFi is working?,,https://www.reddit.com/r/CasualUK/comments/952m9n/what_percentage_of_the_bbc_websites_hit_count_is/,1533571958.0,57,0.97,11,CasualUK,Earhacker
952epy,The Definition of Disappointment.,[deleted],https://cdn.discordapp.com/attachments/380314042369048576/475002227300499467/IMG_20180802_142738.jpg,1533570543.0,193,1.0,6,CasualUK,[deleted]
9525y1,"A suspected thief who broke into a vehicle in Folkestone stole nothing, but spent some time drawing hair, a moustache and beard on a passport photo left in the car.",,https://twitter.com/Kent_999s/status/1026438676073656321,1533568788.0,79,0.98,9,CasualUK,LucasTorreira
9521zt,The Daily Express is TRULY the most RELIABLE and TRUSTWORTHY news outlet in the UK...,,https://i.redd.it/bjyzkpw7nhe11.png,1533567992.0,193,0.96,37,CasualUK,RUFiO006
9521xv,This is what renting in London has come to. Look at the fucking state of this,"[Half a garage - ¬£750pcm](https://www.vice.com/en_uk/article/43pqkm/london-rental-opportunity-of-the-week-a-pound750-camp-bed-in-penge). Apparently, according to the listing on Gumtree, that includes bills - WHAT FUCKING BILLS‚Ä¶?! The bog is jammed up against the shower, so it‚Äôs almost impossible to open the door, and you can‚Äôt use the bog because the lid looks as though it‚Äôd hit the sink. No mention of internet, so I can only assume that area has ridiculously high council tax. 

And calling it ‚Äòfurnished‚Äô is somewhat generous (not that there‚Äôs much room for owt else) - and look at that chest of drawers, as Lynne Foulds-Wood was oft heard to opine on Watchdog, it‚Äôs a ‚Äúpotential death trap‚Äù. 

Imagine trying to kip in it in this heat‚Ä¶ üíÄ",https://www.reddit.com/r/CasualUK/comments/9521xv/this_is_what_renting_in_london_has_come_to_look/,1533567983.0,83,0.96,36,CasualUK,ManikShamanik
9520mh,Found this card from my dad while sorting through some boxes. Image from Punch 1981.,,https://i.redd.it/mjk5ackmmhe11.jpg,1533567739.0,75,0.96,13,CasualUK,MrDalliard91
951rd6,Hold up. This weekend's on me.,,https://i.imgur.com/4BAaztF.jpg,1533565858.0,213,0.99,27,CasualUK,anagoge
951hc7,Oh of course there is,[deleted],https://v.redd.it/yq10qhcoahe11,1533564058.0,58,0.94,26,CasualUK,[deleted]
950nll,The feedback url for Sainsbury‚Äôs,,https://i.redd.it/z3yagjkmpge11.jpg,1533556616.0,422,0.98,16,CasualUK,iledoffard
950m05,"Nice one lad, ta for that",,https://imgur.com/6hOMLzS,1533556154.0,101,0.98,23,CasualUK,are-you-shitting-me
950leq,One the best chuckle brother moments,,https://i.redd.it/62a7my3snge11.png,1533555984.0,40608,0.92,351,CasualUK,benjibean
950dwy,I had to break the news to my gran that this was unlikely to be a legitimate Costa,,https://i.redd.it/jk4flexygge11.jpg,1533553838.0,85,0.95,13,CasualUK,[deleted]
9508gj,Classic grandma banter: my grandma insists on referring to her 90th birthday party as a ‚Äúpre-wake‚Äù,,https://www.reddit.com/r/CasualUK/comments/9508gj/classic_grandma_banter_my_grandma_insists_on/,1533552242.0,547,0.97,24,CasualUK,HoydenCaulfield
950494,Even our hand dryers are socially awkward,,https://i.redd.it/rajwiwqp8ge11.jpg,1533550921.0,419,0.98,19,CasualUK,olisure
9503in,This vandalised toilet at a service station,,https://i.redd.it/eihc3n528ge11.jpg,1533550699.0,99,0.95,17,CasualUK,rubiklogic
9501sx,"This Porsche at Luton Airport, lary as fuck but I like it!",,https://i.redd.it/0qrr58ag6ge11.jpg,1533550162.0,171,0.96,64,CasualUK,millsytime
94zvml,I‚Äôve somehow just become an informal tourist information office,Stood outside a train station in London having a smoke and four separate groups of tourists came and asked for directions. The last two queued up to ask me their questions. I even managed to direct all of them as well. Do tourists not know that we don‚Äôt talk to each other in London? ,https://www.reddit.com/r/CasualUK/comments/94zvml/ive_somehow_just_become_an_informal_tourist/,1533548178.0,87,0.96,27,CasualUK,Klopptomaniac
94zrkr,Just moved back to the UK after a few years abroad,"It's fantastic here, so happy to be back! People have been friendly, friendlier than ever actually, I've been to the pub for a quick cheap drink 3 nights in a row, I've walked for miles from Corfe to Swanage, looking at the hills and countryside. Yeah the town I live in is a bit of a shithole and there's far too many early-teens mums around but wow, feels like I'm home for the first time in years. Love it! Cheers!",https://www.reddit.com/r/CasualUK/comments/94zrkr/just_moved_back_to_the_uk_after_a_few_years_abroad/,1533546830.0,57,1.0,34,CasualUK,unknown_member2014
94zaud,I always feel like... somebody's watching me,,https://i.imgur.com/RkN3f8C.jpg,1533541049.0,240,0.98,16,CasualUK,Bagelsontoast
94z9pg,I would like to warn everyone that Mr Blobby has a YouTube channel and is still attempting to make a comeback,,https://i.redd.it/4r71bbs9efe11.jpg,1533540680.0,331,0.96,46,CasualUK,TachankaTheGod
94z1n3,These fucking adverts can fuck off an all!,,https://i.redd.it/7i0t0ef07fe11.jpg,1533538239.0,510,0.96,197,CasualUK,Mowgs23
94ys2i,Monday. Fucking Monday.,"Why doesn't it just piss off? I've not stopped this weekend, I'm more tired now than I was on bloody Friday!

Fucking Monday.

Long weekend coming up for me though, four blessed days off. Just got to smash the four before.

What's cracking with you this week?",https://www.reddit.com/r/CasualUK/comments/94ys2i/monday_fucking_monday/,1533535309.0,59,0.9,260,CasualUK,jptoc
94yjak,Seemed oddly and beautifully poetic at 3.30am during a 13 hour night shift,,https://i.redd.it/kko61b3cqee11.jpg,1533532662.0,165,0.97,32,CasualUK,Amateurcellist92
94wcq4,Came across this wonderful message whilst hiking,,https://i.imgur.com/Gg6mCSa.jpg,1533512757.0,218,0.99,26,CasualUK,tzanorry
94vjm5,Doing the Yorkshire Three Peaks Challenge and this bloke comes steaming past,,https://i.redd.it/pvg3l6npice11.jpg,1533505853.0,71,0.97,15,CasualUK,SupUpLad
94vixl,British Summer Innovation,,https://i.redd.it/xw9dxq3aice11.jpg,1533505707.0,154,0.98,17,CasualUK,PopeLikesdope
94vh90,"Nice to see you, to see you...",,https://i.redd.it/ax0h8pyzh9e11.jpg,1533505342.0,71,0.97,7,CasualUK,abodyweightquestion
94vfyf,He‚Äôs back! Thanks to all that offered their help!,[deleted],https://i.redd.it/5ezvyeddgce11.jpg,1533505066.0,180,0.97,19,CasualUK,[deleted]
94usu7,Daylight Robbery,,https://imgur.com/a/L8a0s2m,1533500010.0,363,0.98,37,CasualUK,[deleted]
94url8,Blobby in Blackpool,,https://i.redd.it/psgd1ani0ce11.jpg,1533499736.0,128,0.97,21,CasualUK,neb12345
94uoap,The state of thieves these days,"Someone has posted to Shpock an Ofo bike (the yellow rental ones), with ""the lock professionally removed, can meet at XXX station"". ¬£5

Are they that stupid, or did someone prank post it on their behalf? Did come with pic (with lock not present).

",https://www.reddit.com/r/CasualUK/comments/94uoap/the_state_of_thieves_these_days/,1533499055.0,60,0.98,12,CasualUK,imtheorangeycenter
94uk33,Accidentally Dronk,Goodness me! I‚Äôm accidentally drunk in a bar in the dar north of Scotland and if I was a car I‚Äôd wouldn‚Äôt pass my MOT. I hope you‚Äôre all having a lovely evening. I need my bed.,https://www.reddit.com/r/CasualUK/comments/94uk33/accidentally_dronk/,1533498135.0,286,0.93,97,CasualUK,greengumboots
94ujby,Another friend I met this weekend,,https://imgur.com/SmcaMit.jpg,1533497963.0,54,0.94,12,CasualUK,Greganor
94uj5g,"Wandering around a funfair when my 4 year old daughter starts freaking out over a ""scary monster"". This was the culprit.",,https://i.redd.it/fa4rqak4vbe11.jpg,1533497926.0,6789,0.97,293,CasualUK,twatticus_finch
94ud2u,Anyone know Andrew Fox from Hereford? Tell him I found his 1974 Dandy annual in a hospital waiting room.,,https://i.imgur.com/dGGMtYg.jpg,1533496606.0,133,0.96,65,CasualUK,JimmerUK
94txfk,I mean...,,https://i.imgur.com/F9IoZfa.jpg,1533493207.0,202,0.93,45,CasualUK,DeluxeSleeper
94twq4,"I see your van slogan, and raise you this.",,https://i.redd.it/0697c5njgbe11.jpg,1533493049.0,280,0.98,24,CasualUK,khaggis
94snzy,Harvester trying to be cheeky Nando‚Äôs part 2.,,https://i.redd.it/2uk3tijbnae11.jpg,1533483192.0,280,0.97,70,CasualUK,plonkerboy900
94s2vn,Less common view of Clifton Suspension Bridge,,https://i.imgur.com/aZiwN8J.jpg,1533477948.0,232,0.98,13,CasualUK,[deleted]
94ro5i,[deleted by user],[removed],https://www.reddit.com/r/CasualUK/comments/94ro5i/deleted_by_user/,1533473849.0,1651,0.97,241,CasualUK,[deleted]
94ri1t,"Went for a walk in the woods at sunset, it did not disappoint.",,https://i.imgur.com/ZZ1AEuu.jpg,1533471895.0,55,0.9,3,CasualUK,Frap_Gadz
94rb5q,British Biscuit Classifications: discuss.,,https://i.redd.it/nlm9rokui9e11.jpg,1533469634.0,140,0.92,99,CasualUK,HarryPoland
94r8qq,Flamb√© tuba,,https://v.redd.it/cxj52n12g9e11,1533468792.0,72,0.96,4,CasualUK,BoxeeBrown
94r7jy,The lack of TV coverage here astounds me.,,https://v.redd.it/ad6qhngxe9e11,1533468366.0,71,0.88,17,CasualUK,NewsForThePaperGod
94r0hm,West brom's new mascot,,https://imgur.com/69sD7YT,1533465663.0,136,1.0,33,CasualUK,FifiLaPew
94qxqc,Dear folk of all the UK lands..,"This might come out as a little strange, but.. I need help for a school project, where I'm trying to show Finnish people the diversity of the english language in a slightly silly way.

So what I'm asking of you, is (If you really could.) could you send me an audiofile to my email, where you say the word ""Nugget"" clearly?

My Email can be fould here:

officialakikank@gmail.com

And if you could, could you also spread the word?

You can ask questions bellow, I will try to answer them as quickly as I can! 

Edit:

Please also state where you are from, that would help a lot also.

Sincerely happy to be cooperating with you,
Akikank! :D",https://www.reddit.com/r/CasualUK/comments/94qxqc/dear_folk_of_all_the_uk_lands/,1533464549.0,155,0.97,124,CasualUK,[deleted]
94qjk7,"So my pal on Facebook had created a little ruckus, apparently there is people that stand up to wipe their arse after taking a shite? Is this real life?",,https://i.redd.it/hvedjbbwm8e11.jpg,1533458832.0,94,0.9,148,CasualUK,cliffwob
94qicr,Harry Potter with a side of Disney,,https://i.redd.it/xq81pndhl8e11.jpg,1533458356.0,584,0.98,48,CasualUK,traashpanda
94qi7p,"In light of the sad news about Barry Chuckle, here is a link to their AMA which is absolute gold. I read this a few months ago and it cheered me up no end, such genuine guys!",,https://www.reddit.com/r/IAmA/comments/4sz7qk/iama_barry_paul_the_chuckle_brothers_ama/,1533458300.0,571,0.99,27,CasualUK,BillyBoskins
94qhea,Was definitely not expecting to be able to take my plant on the Stanstead Express...,,https://i.redd.it/j8xbiw3vj8e11.jpg,1533457956.0,71,0.91,22,CasualUK,Mightyena319
94qfqn,You know who suffer from sexism a lot? Stay at home Dads,[removed],https://www.reddit.com/r/CasualUK/comments/94qfqn/you_know_who_suffer_from_sexism_a_lot_stay_at/,1533457295.0,83,0.93,34,CasualUK,IWillBeNice
94qa1g,Entertainer Barry Chuckle dies at 73 - BBC News,,https://www.bbc.com/news/entertainment-arts-45074955,1533455138.0,5622,0.95,546,CasualUK,Mccobsta
94q97g,Second best to a full English?,,https://imgur.com/ySiDI1b,1533454811.0,374,0.94,87,CasualUK,adamlc
94pnqq,Water level here is the lowest I've seen it.,,https://imgur.com/VyUCxBi.jpg,1533447106.0,100,0.97,13,CasualUK,BottleGoblin
94pihh,Slogan of the day goes to,,https://i.redd.it/uxv11yywi7e11.jpg,1533445386.0,23770,0.95,327,CasualUK,AdamRProsser
94nzf3,Let‚Äôs all agree to not be arseholes if we happen to hit an animal whilst driving.,Just spent the past couple of hours finding a 24 hour vets to take someone‚Äôs pet to because someone decided they didn‚Äôt want to stop. Rant over. ,https://www.reddit.com/r/CasualUK/comments/94nzf3/lets_all_agree_to_not_be_arseholes_if_we_happen/,1533430319.0,79,0.9,30,CasualUK,Richybliss
94no91,"Appreciation post for England, UK and it‚Äôs people in general.","Hello fellow redditors, 

I am a simple guy that lives in London for the past 4 years. I moved here to do my first bachelors degree and work. I have to say, these 4 years have been the best years of my life. I love everything about London. Except the tube but that‚Äôs a different story haha. I enjoy the fact that every time I have free time and go out, there is always something new to see and enjoy. I never want to leave this place. It gave me so many new possibilities and I met so many new people. I love you all!!",https://www.reddit.com/r/CasualUK/comments/94no91/appreciation_post_for_england_uk_and_its_people/,1533427444.0,60,0.89,15,CasualUK,thearcher122
94nejj,Spotted this thug in London,,https://v.redd.it/r1vabf6wt5e11,1533425024.0,74,0.93,7,CasualUK,lebrian
94n1je,The gas grill I brought camping had a message for me when I opened the lid to use it.,,https://imgur.com/L8Vaiyb,1533421818.0,55,0.91,4,CasualUK,s1m0n8
94mxcc,Anyone else really hate Channel 4's 4OD video player?,"It just feels so clunky. Ad breaks are super long and half the time the video breaks in between switching from the ads to the content, then you have to reload and watch the ads all over again.

It's perplexing considering the beeb gets it so right with iPlayer. Neither is as seamless as Netflix obviously, but at least iPlayer is functional most of the time. ",https://www.reddit.com/r/CasualUK/comments/94mxcc/anyone_else_really_hate_channel_4s_4od_video/,1533420797.0,110,0.98,65,CasualUK,macrobstar
94mhic,"I know it‚Äôs a bit of a long shot, but if anyone from the general St Albans area sees this cat about could you let me know? He‚Äôs been missing about a week now. Blue collar, chipped and neutered. Cheers.",[deleted],https://i.redd.it/vf46nniu65e11.jpg,1533417116.0,325,0.97,34,CasualUK,[deleted]
94m7e7,These buggers are delicious - anyone else a fan?,,https://i.redd.it/p4m8gu2wz4e11.jpg,1533414779.0,172,0.92,59,CasualUK,magsan
94lv0p,Well okay.,,https://i.redd.it/h68yjevhr4e11.jpg,1533411952.0,87,0.97,7,CasualUK,420JZ
94leay,"Just won a chili burger eating competition. This is it, lads, this is my moment. Bask with me.",,https://i.redd.it/uu0qw5t9g4e11.jpg,1533408218.0,416,0.98,63,CasualUK,[deleted]
94keib,Found this Yorkshire sounding place in Turkey,,https://i.imgur.com/MNjd7LA.jpg,1533400399.0,123,0.98,17,CasualUK,mfizzled
94jrki,Just a python casually eating a pigeon in Leytonstone,,https://imgur.com/GT2RFce,1533395137.0,372,0.96,101,CasualUK,[deleted]
94jl6l,"‚ÄúYou‚Äôve shit, haven‚Äôt ya?‚Äù",,https://v.redd.it/z5tj44umxvd11,1533393611.0,143,0.94,10,CasualUK,mr-spaghettified
94jd4n,This feels oddly standard for England.,,https://i.redd.it/ivdtl1y333e11.jpg,1533391649.0,51,0.94,16,CasualUK,benanderson89
94ix8j,"The tower at Lancaster/Forton services on the M6, who remembers when you could go up this bad boy?",,https://i.redd.it/pqe2e7z7q2e11.jpg,1533387309.0,70,0.94,19,CasualUK,crusherdestroy3r
94ivnl,I‚Äôve never celebrated a Rabbits birthday before but Henry turns one today so here he is enjoying his present haha. How many of you celebrate your pets birthday? I saw it seems to be a big thing in the US but not here?,,https://i.redd.it/i86rx7vno2e11.jpg,1533386788.0,141,0.97,46,CasualUK,dontfearlionhere
94iu4d,"In Cardiff, we thank bus drivers via social media rather than when we get off.",,https://i.redd.it/z9bwp27cn2e11.jpg,1533386340.0,8843,0.96,158,CasualUK,macintoshjh
94iovr,Apparently the Chocolate Eclairs are haunted,,https://imgur.com/T6syIuD,1533384699.0,260,0.98,37,CasualUK,thisiscotty
94inj0,Umm maybe I‚Äôll try somewhere else..,,https://i.redd.it/e4rw6t18h2e11.jpg,1533384286.0,63,0.94,14,CasualUK,winkymagee
94ieol,Controversial times in Croatia,,https://i.redd.it/q7033yqy72e11.jpg,1533381232.0,533,0.98,59,CasualUK,pineapplecharm
94ibnb,So the myth of the lucozade on a train does exist,[deleted],https://v.redd.it/2qubzjaq42e11,1533380143.0,62,0.92,18,CasualUK,[deleted]
94i7bs,I‚Äôm watching Police Interceptors and they are showing the fitness tests they go through. It‚Äôs the god damn beep test.,Currently having war flashbacks to primary school. ,https://www.reddit.com/r/CasualUK/comments/94i7bs/im_watching_police_interceptors_and_they_are/,1533378499.0,105,0.96,81,CasualUK,aicol88
94i4v5,My city showing its support for pride,,https://i.redd.it/lccu0eaax1e11.jpg,1533377578.0,631,0.92,81,CasualUK,Sidoz
94i0p5,Neneh Cherry new song is out. Why does she look like a bukkake party,[deleted],https://i.redd.it/5k47lxyfs1e11.jpg,1533375955.0,86,0.89,22,CasualUK,[deleted]
94ht5f,"Our local dairy is getting rid of its floats, we got this note. Sad milkman hours.",,https://i.redd.it/j26gj1agj1e11.jpg,1533372988.0,815,0.98,153,CasualUK,salty-sigmar
94hshd,Ah. How I miss it.....,,http://images.meteociel.fr/im/8481/temp_eur2_crn3.png,1533372708.0,349,0.97,46,CasualUK,Stillsentimental
94hjhx,To those of us working in pubs or restaurants during Brighton pride today,Its gonna be fucking hell ,https://www.reddit.com/r/CasualUK/comments/94hjhx/to_those_of_us_working_in_pubs_or_restaurants/,1533369224.0,251,0.98,35,CasualUK,[deleted]
94hgo5,I see this guy every time I shop at Tesco. I want to know is ‚ÄòJohn from Cornwall‚Äô a real farmer? Would a real farmer actually have his photo in Tescos?,,https://i.redd.it/xjhed29951e11.jpg,1533368157.0,238,0.94,84,CasualUK,racp274
94gf36,Well I'm an idiot,"I work in a pub, locked my house keys in and I've had to try to sleep on my doorstep because my brother apparently can sleep though anything 

Fucking hell it gets cold at night, Got two hours sleep and I'm starting to regret wearing shorts to work",https://www.reddit.com/r/CasualUK/comments/94gf36/well_im_an_idiot/,1533356485.0,65,0.95,12,CasualUK,accidentalfritata
94g7co,The reddit post about Cadbury Dream got featured in my local papers,,https://i.redd.it/ghlsvi2700e11.jpg,1533354345.0,227,0.96,35,CasualUK,chromeaces
94fi5e,Got a bit hungry in the early morning...,,https://imgur.com/RHkHEt5,1533347596.0,58,0.92,17,CasualUK,Autisticunt
94dxo2,Public service announcement,"Spare a thought for hedgehogs in this weather: put a plate or saucer of water out in your garden of an evening. This weather has really been kicking our arses. Puddles, slugs and snails are not as plentiful this year as they usually are and we could do with a hand. If you know you have hoglets nearby, some (non-fish) cat food can really help - please no bread/milk. 


Thank you for your attention.",https://www.reddit.com/r/CasualUK/comments/94dxo2/public_service_announcement/,1533334104.0,86,0.95,26,CasualUK,mrs_tiggywinkle
94dvqv,"We need this guy in charge of all uk trains, no delays with him",,https://i.redd.it/x8p09kksayd11.jpg,1533333693.0,1203,0.99,119,CasualUK,spectacledllama
94drr9,"Casual wholesome British conversation I overheard while vacationing in Madeira, Portugal","(60s something) Husband: ""The view over there is absolutely amazing!""

Wife: ""Then what did you come back here for?""

Husband: ""Came to get you!"" 
",https://www.reddit.com/r/CasualUK/comments/94drr9/casual_wholesome_british_conversation_i_overheard/,1533332856.0,62,0.87,13,CasualUK,vermjoc
94dneq,It's estimated the cost of the damage could be in the hundreds and thousands.,,https://i.imgur.com/BYLxPMc.jpg,1533331931.0,142,0.96,17,CasualUK,Hassaan18
94d2tl,The police in my home town have been doing a Twitterthon to raise awareness of their work. This is the highlight so far.,,https://i.redd.it/2am2xunysxd11.jpg,1533327697.0,180,0.98,10,CasualUK,Glitterage
94d2gj,Cottage Cheese,,https://i.imgur.com/QomadRP.png,1533327628.0,1981,0.98,50,CasualUK,Jaqosaurus
94c69b,Why does garlic bread never come sliced in an even amount of pieces? How do you choose who gets the extra slice?,,https://imgur.com/hpJXh6n,1533321319.0,77,0.96,39,CasualUK,kasers89
94c419,"The Chuckle Brothers have two older brother who themselves have their own, much less successful, comedy duo.",,https://en.wikipedia.org/wiki/Patton_Brothers,1533320898.0,86,0.96,21,CasualUK,Perkinator
94c2fy,Thought this might be appreciated here,,https://i.redd.it/404i66zsmvd11.jpg,1533320582.0,299,0.94,9,CasualUK,tab80301
94bzjh,Bridge House in Ambleside,,https://i.redd.it/fpiqxn266xd11.jpg,1533320034.0,1042,0.99,64,CasualUK,RobloxPornAccount
94brhg,"Tesco do a chicken, bacon, stuffing and mayo sandwich I quite like. Today I made my own version. My dishes are usually an absolute disgrace btw so for me this is ‚Äòdecent‚Äô.",,https://i.redd.it/i69hn1om1xd11.jpg,1533318517.0,118,0.91,31,CasualUK,Old-Blighty
94bnsx,These adverts are really starting to annoy me. STAND BEHIND THE YELLOW LINE,,https://i.redd.it/un0caf9fzwd11.jpg,1533317829.0,54,0.91,1,CasualUK,the_fredblubby
94bjmt,My girlfriend and I are moving into our first flat together. This is the full extent of our supplies so far.,,https://i.imgur.com/xFX1Bhk.jpg,1533317047.0,131,0.93,48,CasualUK,zesterer
94avpz,Guns n roses have lost some of their edge in old age...,,https://i.redd.it/mq43ewlrjwd11.jpg,1533312497.0,3266,0.97,50,CasualUK,elliot_glynn
94ae6q,Gregg Wallace is my spirit animal,,https://i.redd.it/4unxsoon9wd11.jpg,1533309097.0,962,0.98,67,CasualUK,HarryGoLocky
94ad5y,I've never wanted pyjamas so much in my entire life,,https://i.redd.it/rpbrs0c19wd11.jpg,1533308890.0,628,0.98,33,CasualUK,HarryGoLocky
949mnf,"Scam Alert - If Nationwide text you text and ask you to go to a website called ""Payment Assistance"" IGNORE IT","Just got a text from nationwide (their usual number) asking me to contact them on a website: paymentassistance.nationwide.co.uk
Very nearly entered my details on this site before, at the last second, thinking I should double check first. Spoke to Nationwide on the phone who confirmed that this is a complete SCAM and that they will never contact via text if it is an emergency and certainly would not ask you to log in anywhere but your online banking.

TLDR; Ignore texts from your bank, if they really need to talk to you they will either call, send a letter or message via online banking. Or maybe don'y ignore, best to phone if you're unsure.

EDIT: Just been told that this might not be spam, if in doubt just call Nationwide and double check!",https://www.reddit.com/r/CasualUK/comments/949mnf/scam_alert_if_nationwide_text_you_text_and_ask/,1533303306.0,64,0.92,21,CasualUK,JoeSlashdave
949il0,"Last year I had to move from the UK to go to uni at home, I am currently working towards my BSc so I can do my Master in the UK! I made a poster to motivate myself, am I missing anything?",,https://i.redd.it/uzw69lo5pvd11.png,1533302354.0,170,0.95,159,CasualUK,[deleted]
949i2m,Only get one shot üí¶,,https://i.redd.it/jiv99119pvd11.jpg,1533302234.0,57,0.91,8,CasualUK,psgenius
9497ip,Good old corrections.,,https://i.redd.it/rdnpwivshvd11.jpg,1533299728.0,602,0.99,16,CasualUK,mardypig
94966s,"There are many wonderful views in Wales, this, however, is not one of them",,https://i.imgur.com/opvoSlL.jpg,1533299403.0,307,0.99,28,CasualUK,tannhauser85
948syk,"Thank you British people for creating this spawn of evil. Sincerely, Poland.",,https://i.redd.it/51ijmh8l6vd11.jpg,1533295959.0,275,0.98,63,CasualUK,Konree
948s4j,"In response to the earlier summer dog walk in the North of England, here‚Äôs mine.",,https://i.redd.it/oc5knn9u5vd11.jpg,1533295742.0,81,0.96,9,CasualUK,Glitterage
948m6b,I think I broke my ribena,,https://imgur.com/rj1QEnz,1533294020.0,81,0.94,20,CasualUK,mutonchops
948guu,"It‚Äôs Friday, it‚Äôs sunny, and there‚Äôs a Bank Holiday this month. I hear some of you like cats - here is Beau, our neighbour‚Äôs cat. He visits each day and is now ‚Äòpart of the furniture‚Äô. Happy Friday!",[deleted],https://i.redd.it/8f0m1qa0wud11.jpg,1533292405.0,60,0.93,12,CasualUK,[deleted]
948bv2,Morning teabreak epiphany: Penguin bars are chocolate-coated bourbons.,Discuss.,https://www.reddit.com/r/CasualUK/comments/948bv2/morning_teabreak_epiphany_penguin_bars_are/,1533290812.0,114,0.97,44,CasualUK,Kemuel
947yox,Finally passed my driving test.,"I‚Äôm just excited really, gunna go off now and listen to loud music in the Tesco carpark and billow clouds from my vape, I‚Äôve got 10 years to catch up on. ",https://www.reddit.com/r/CasualUK/comments/947yox/finally_passed_my_driving_test/,1533286456.0,168,0.93,83,CasualUK,Murphthegurth
947p4t,Virgin media guy came to repair my internet. He spied my 11 Golden retriever puppies and just had to get a sample,,https://imgur.com/gallery/ZBVma4K,1533283100.0,130,0.94,46,CasualUK,jumbobrain
947l8i,Apparently my bus can deploy TIE fighters.,,https://i.redd.it/mawphstc0ud11.jpg,1533281756.0,23053,0.93,451,CasualUK,Invader-Strange
947jlg,I‚Äôm setting up my tent in the queue now... who else is going to join me?,,https://i.imgur.com/BiftoOe.jpg,1533281228.0,137,0.95,52,CasualUK,snaptom27
945s2v,"Been craving one of these since I moved across the pond, so I tried my hand at baking one myself!",,https://i.redd.it/sqxv7x28jsd11.jpg,1533263887.0,124,0.95,23,CasualUK,jsmith37
944vxa,"Woken by some persistant knocking at the door to find the police letting me know 2 little scrotes have just smashed my car window - their grand heist; my daughte nursery rhymes CD, my autistic son's favourite Michael Jackson CD, a 10 year old sat nav and the fanciest pair of sunglasses I ever owned.",Cunts.,https://www.reddit.com/r/CasualUK/comments/944vxa/woken_by_some_persistant_knocking_at_the_door_to/,1533256332.0,120,0.96,36,CasualUK,lizhurleysbeefjerky
943vkj,Don't be like David #ifonly,,https://i.redd.it/e4ikl2vd9rd11.jpg,1533248474.0,69,0.92,16,CasualUK,16stratus
942wgp,"This is the ""British foods"" section at a local Walmart here in Vancouver Canada.",,https://i.redd.it/7hqiuoiemqd11.jpg,1533241555.0,88,0.95,72,CasualUK,JUAN_DE_FUCK_YOU
942lql,Helpful notice spotted in Swansea,,https://i.imgur.com/wgfHSyf.jpg,1533239547.0,74,0.95,13,CasualUK,VoodooAction
942f0z,My girlfriend just ordered a cooked breakfast and a cider at 8pm from her phone at a Whetherspoons,Tradition is dead.,https://www.reddit.com/r/CasualUK/comments/942f0z/my_girlfriend_just_ordered_a_cooked_breakfast_and/,1533238259.0,49,0.89,10,CasualUK,obviouslyducky
942ela,Sighted in Glasgow this morning. Majestic.,[deleted],https://i.redd.it/eu7pgqnqeqd11.jpg,1533238186.0,64,0.88,15,CasualUK,[deleted]
942bim,This is sacrilege,,https://i.redd.it/b29cqn41dqd11.jpg,1533237596.0,519,0.97,89,CasualUK,minisaladfresh
942bcy,I may have found the most expensive item in a Londis corner shop fridge...,,https://i.imgur.com/nFkHTPv.jpg,1533237565.0,80,0.95,29,CasualUK,vaskemaskine
9427t8,I made this for English Heritage‚Äôs Love Castle competition. It‚Äôs a mini Dover Castle.,[deleted],https://i.redd.it/o4g9ezszaqd11.jpg,1533236905.0,55,0.9,14,CasualUK,[deleted]
941bdj,Gone to a festival abroad. We sticky.,,https://imgur.com/LQSQJ6H,1533230873.0,52,0.82,22,CasualUK,Grickooo
9416f9,Who else remembers going to the cinema and being given a heart attack by this?,,https://m.youtube.com/watch?v=HjEchu4Qnxk,1533229993.0,128,0.97,50,CasualUK,[deleted]
9414q9,This gave me a little chuckle when I had a look at my receipt.,,https://i.redd.it/wd58diljppd11.jpg,1533229692.0,163,0.95,11,CasualUK,Seganku74
9408mi,Those poor sheep.,,https://i.redd.it/049dui0l7pd11.png,1533223651.0,146,0.95,76,CasualUK,[deleted]
93zv1o,I wish I still had my spice girls jumper!,,https://i.redd.it/cc8bddoqzod11.jpg,1533221031.0,127,0.96,30,CasualUK,rosie-roo
93zltf,I love The Great British Bake Off,,https://v.redd.it/m6xyvo693od11,1533219141.0,71,0.78,12,CasualUK,Hassaan18
93zfuw,Fuck people that do this,,https://imgur.com/XBAw8Tn,1533217887.0,272,0.95,48,CasualUK,ProperPK
93zf4i,General PSA: There was a security breach at Reddit a little while ago in case you didn't see it.,[deleted],https://www.reddit.com/r/CasualUK/comments/93zf4i/general_psa_there_was_a_security_breach_at_reddit/,1533217730.0,69,0.95,30,CasualUK,[deleted]
93z3kv,I didn't soak my Weetabix this morning. How fucked is the bowl going to be?,,https://www.reddit.com/r/CasualUK/comments/93z3kv/i_didnt_soak_my_weetabix_this_morning_how_fucked/,1533215176.0,108,0.94,38,CasualUK,Surrender_monkey21
93yyhj,Had an eventful lunch today finding this rogue bastard,,https://i.redd.it/ubmjh62qeod11.jpg,1533213951.0,253,0.97,31,CasualUK,31_whgr
93ys41,"The French slogan for McVities biscuits sold over there - ""It's English, but it's good.‚Äù",,https://i.redd.it/alfde3m4aod11.jpg,1533212401.0,6147,0.98,407,CasualUK,finallygaveintor
93ygad,Here's the new game...,"I noticed that on this sub, whenever anybody posts an image of the UK, within minutes somebody else has identified exactly where it is.

So here's the game.

Post a link to an image of somewhere in the UK and people have to figure out where it is.

I'll start, albeit not with my own image.


**Guidelines**

- Blur out your answers (see sidebar) by answering in square brackets followed by (/s)

- Ideally where you live or have been and an image you've taken yourself. 

- Be reasonable, a random bush or house is useless, it needs to be possible.

- Obviously avoid links that say place names.

- No googling or reverse image searching. Brain power and memory only.

- When somebody has gotten it right, give them lots of up votes! Whilst you're at it, upvote the thread :)

- Post new links on this thread. Provide answers using ""reply"", under that link.",https://www.reddit.com/r/CasualUK/comments/93ygad/heres_the_new_game/,1533209286.0,182,0.98,353,CasualUK,ac13332
93yebg,The Great British Battle of Rather British Things - Results,,https://i.imgur.com/WNZWR48.png,1533208704.0,83,0.87,28,CasualUK,Zazsona
93ybcf,As someone who is often hesitant to ask. I appreciate the ‚Äòmate‚Äô part of this sign.,,https://i.redd.it/g9oo1r5swnd11.jpg,1533207919.0,196,0.99,6,CasualUK,MilosWanders
93y6c2,Cornwall. Not sure where I'm supposed to go now...,,https://i.redd.it/np99xzf5snd11.jpg,1533206418.0,492,0.98,69,CasualUK,RedversBuller
93y6as,I guess Triffids are tourists too,,https://i.redd.it/q9ne45qasnd11.jpg,1533206408.0,251,0.97,35,CasualUK,SpotterFive
93y1je,"Walked into the bathroom at work today, was greeted by this.",,https://i.redd.it/kfpl04srnnd11.jpg,1533204898.0,282,0.98,20,CasualUK,salty-sigmar
93xexs,Shalom?,[deleted],https://i.redd.it/t1fb46xfnkd11.jpg,1533197450.0,465,0.92,55,CasualUK,[deleted]
93x1qk,Forgot to put the bins out,"Fucked it, absolutely fucked it.

There‚Äôs nothing worse than that sinking feeling when you‚Äôre sat relaxing having some breakfast and hearing the unmistakable sound of the lorry‚Äôs hydraulics roll past. How is it that I don‚Äôt hear it coming down the road? ",https://www.reddit.com/r/CasualUK/comments/93x1qk/forgot_to_put_the_bins_out/,1533193202.0,3489,0.95,445,CasualUK,depnameless
93wlrr,The bullying and sexism from some football fans is making me wanting to sell my tickets.,[deleted],https://www.reddit.com/r/CasualUK/comments/93wlrr/the_bullying_and_sexism_from_some_football_fans/,1533188267.0,102,0.83,165,CasualUK,[deleted]
93u50d,Just a British sheep,[deleted],https://i.redd.it/expzv6mmfkd11.jpg,1533165822.0,263,0.95,29,CasualUK,[deleted]
93sex2,"I got bored writing my half of this week‚Äôs meal plan. If he doesn‚Äôt solve it, he doesn‚Äôt eat.",,https://i.redd.it/8onhqtu5fjd11.jpg,1533153562.0,72,0.9,57,CasualUK,huskydaisy
93sbvw,"Flip flops belong by the beach/pool, not for every day use (commuting/work etc)","I may be in the minority, but how the fuck can anyone (blokes)  wear flip flops out and about? Put some shoes on and have some dignity ffs.",https://www.reddit.com/r/CasualUK/comments/93sbvw/flip_flops_belong_by_the_beachpool_not_for_every/,1533152988.0,56,0.77,56,CasualUK,BCF13
93rn5a,Do these look like the clickers from The Last of Us/Doctor Who monsters to anyone else?,,https://i.redd.it/8sotm50mzid11.jpg,1533148386.0,79,0.97,5,CasualUK,pyro-ro
93r6bd,This hero casually reading the paper while waiting for the assistant at Sainbury's,,https://i.redd.it/xq6via4qqid11.jpg,1533145349.0,250,0.94,60,CasualUK,macko123456
93qwwg,Yorkshire Samaritans,,https://i.imgur.com/ZA48Smh.jpg,1533143655.0,150,0.95,11,CasualUK,Doe_Ray_EGON
93q9xy,I have made a subreddit about UK books. In a fit of divine inspiration I've called it /r/UKBooks.,"Link for your convenience: /r/UKBooks.

You should all subscribe and post your UK book related news and views. Or just join me in [lamenting the decreasing number of Waterstones branches in fancy buildings](https://www.reddit.com/r/UKBooks/comments/93q88t/what_kind_of_building_is_your_local_waterstones_in).",https://www.reddit.com/r/CasualUK/comments/93q9xy/i_have_made_a_subreddit_about_uk_books_in_a_fit/,1533139491.0,56,0.94,22,CasualUK,satanspanties
93pl66,Sainsbury's recently had a sale on Terry's Chocolate Orange. I may have gone overboard.,,https://i.imgur.com/D9hk8xwh.jpg,1533134800.0,556,0.98,92,CasualUK,dharmashark48
93pffr,Bye mum I‚Äôll be back later,,https://i.redd.it/l84g9cd0shd11.jpg,1533133665.0,5750,0.92,143,CasualUK,wickedzinger
93opom,Police chase outside my house ends badly,[deleted],https://i.redd.it/do7w0j3obhd11.jpg,1533128171.0,148,0.98,56,CasualUK,[deleted]
93oou4,‚Äòparcel under doormat‚Äô,[deleted],https://i.redd.it/ph0tbkr0bhd11.jpg,1533127958.0,558,0.98,20,CasualUK,[deleted]
93okbo,Check the size of this bugger!,,https://imgur.com/emd3pGW,1533126900.0,531,0.98,93,CasualUK,fozzie1984
93of23,"Found a rather pristine one of these bad boys in Ludlow, Shropshire",,https://i.redd.it/kl1vkb024hd11.jpg,1533125618.0,268,0.97,15,CasualUK,Aminros
93oe4q,Got this at the cricket to celebrate Yorkshire Day. Lovely.,,https://imgur.com/8dhZblJ,1533125392.0,168,0.97,6,CasualUK,_rickjames
93o6by,What is it with this country and fucking coriander in everything. Who puts this much in a small wrap? It‚Äôs not even on the ingredients list. It taste like fucking soap. I‚Äôm sick of it! Shbcdisj xhdb c,,https://i.redd.it/wxlbwujaxgd11.jpg,1533123336.0,476,0.95,196,CasualUK,millsytime
93nzkn,The Great British Battle of Rather British Things - THE FINAL,,https://i.imgur.com/kJoH5PG.png,1533121464.0,60,0.87,19,CasualUK,Zazsona
93nu65,Stereotypes are harmful.,,https://i.redd.it/z90wu0vwmgd11.jpg,1533119845.0,1467,0.97,69,CasualUK,RobloxPornAccount
93nofe,Prince Harry after stealing the Swedish crown jewels.,,https://i.imgur.com/tM7qpQX.jpg,1533118059.0,406,0.97,10,CasualUK,TheFrostyBrit
93nk8t,"The CasualUK Play Together Stay Together Thread - Steam, XBLive and PSN nameswap thread. (Also maybe Nintendo if that works, idk)",[deleted],https://www.reddit.com/r/CasualUK/comments/93nk8t/the_casualuk_play_together_stay_together_thread/,1533116722.0,53,0.95,109,CasualUK,[deleted]
93nj2s,Casual U.K. national trust pro tip,Don‚Äôt become a national trust member like some gullible prick. Enjoy membership of the New Zealand and Tongan national trust - only ¬£45 for a family membership and gives you acces to all National Trust AND English Heritage sites. You‚Äôre welcome.,https://www.reddit.com/r/CasualUK/comments/93nj2s/casual_uk_national_trust_pro_tip/,1533116356.0,82,0.79,51,CasualUK,barn-a-bee-jones
93nisf,True disappointment is turning on 'This Morning' expecting Philip and Holly and instead getting these two,,https://i.redd.it/wencujs9cgd11.jpg,1533116271.0,310,0.94,81,CasualUK,JustKeepDiving
93neqn,Saw this in the hospital car park. Not all heroes wear capes either!,,https://i.redd.it/g6g66nvg8gd11.jpg,1533114988.0,106,0.96,24,CasualUK,[deleted]
93n6z4,Kopparberg Strawberry and Lime&gt;Strongbow Dark Fruits,Change my mind,https://www.reddit.com/r/CasualUK/comments/93n6z4/kopparberg_strawberry_and_limestrongbow_dark/,1533112402.0,66,0.82,104,CasualUK,Jarkous
93n4ia,"""Penguins for a cancer charity? Naw mate, needs more traffic cone""",,https://imgur.com/X1vztDZ,1533111585.0,51,0.9,14,CasualUK,ezraburke
93mso2,When you‚Äôre posh but still have to party (taken in Arundel),[deleted],https://i.redd.it/y594ksnymfd11.jpg,1533107757.0,409,0.98,45,CasualUK,[deleted]
93mqcn,Happy Yorkshire Day!,,https://i.redd.it/1h580sozkfd11.jpg,1533107091.0,5360,0.94,274,CasualUK,Jorarl
93mdrc,The /r/casualuk cheapskate thread,"It's Yorkshire Day for some reason so in celebration of those tight fisted cunts, what cheap knock-off is as good as those big name brands?",https://www.reddit.com/r/CasualUK/comments/93mdrc/the_rcasualuk_cheapskate_thread/,1533103351.0,116,0.95,300,CasualUK,logical_outcome
93jfu7,Happy Yorkshire day to all Yorkshire lads and lasses!,[deleted],https://i.redd.it/1m5xekbi7dd11.png,1533078343.0,135,0.93,49,CasualUK,[deleted]
93je3l,Whoops...,,https://i.redd.it/674r1dtg6dd11.jpg,1533077994.0,90,0.97,12,CasualUK,FormidableFish
93j9zc,Always,,https://i.redd.it/f4iscqww3dd11.jpg,1533077135.0,2854,0.96,361,CasualUK,Bhappy28
93j996,Google review of Hadrian's Wall,,https://i.redd.it/cloqn1qf3dd11.png,1533076985.0,249,0.98,8,CasualUK,happyskittles
93j0nl,Found this in town yesterday,,https://i.redd.it/s7yh25l7ycd11.jpg,1533075234.0,231,0.98,12,CasualUK,[deleted]
93iona,"Should I jump, or should I try the limbo dance?",,https://i.redd.it/ozsakcd5rcd11.png,1533072842.0,137,0.97,44,CasualUK,aruztim
93i35q,Baywatch. U.K.,,https://i.redd.it/riymj2myecd11.jpg,1533068755.0,177,0.97,12,CasualUK,Mr5wift
93hnlk,Tonight my kids wouldn‚Äôt eat their dinner (pasta) until I grated fresh Parmesan on it. Made me chuckle that they are having a very different childhood to me!,Amazes me that the things they think are ‚Äònormal‚Äô were unthinkable to me when growing up! ,https://www.reddit.com/r/CasualUK/comments/93hnlk/tonight_my_kids_wouldnt_eat_their_dinner_pasta/,1533065814.0,64,0.92,45,CasualUK,BCF13
93hj1v,Serves me right for having a brew in this weather.. UK summer 2018,,https://i.redd.it/ud0o8ral3cd11.jpg,1533064920.0,170,0.93,28,CasualUK,Kyledidntdoit
93hh3s,Wasp trap is super effective!,,https://imgur.com/lZCofN7,1533064558.0,77,0.92,47,CasualUK,HumanSuitedPanda
93gmvn,"Good people of Casual UK, is it acceptable for me to go to a pub quiz alone?","So a little background - I love quizzes but I hardly ever get to go to a pub quiz because of childcare. This week I have no child, but also no other half as they're both away in various places. A reasonable and civilised pub near me (but not what you would call my ""local"") has a quiz on tonight and I don't know if I would look like a knob by going alone. I am not really a pub - goer usually, certainly not without other people. 
I am considering asking some randoms if I can join their team maybe? I am on the qt a fucking brilliant quizzer and I've won at least one quite famous TV quiz, and there's YouTube evidence if I needed to prove it.  
Is this a socially acceptable course of action? Aaagh, help! ",https://www.reddit.com/r/CasualUK/comments/93gmvn/good_people_of_casual_uk_is_it_acceptable_for_me/,1533058941.0,49,0.93,33,CasualUK,[deleted]
93g1kl,Ocado 1p Voucher,,https://i.redd.it/o5keqhk2abd11.jpg,1533054992.0,196,0.97,29,CasualUK,MuzafferB
93fssa,"This subreddit inspired me to try dark fruits - from Australia, tasting notes: tastes like Ribena",,https://i.redd.it/m4tu1e085bd11.jpg,1533053363.0,151,0.95,90,CasualUK,mupface
93fp65,"If I'm not active soon, the cows caught me",,https://i.redd.it/k7285qq73bd11.jpg,1533052691.0,71,0.93,9,CasualUK,ck_9900
93fes3,Receipt-wisdom we can all get on board with.,[deleted],https://i.redd.it/zhtu2eg7xad11.jpg,1533050686.0,145,0.95,8,CasualUK,[deleted]
93ev6g,Hit a milestone on my bike today.,,https://i.redd.it/2syjxmvclad11.jpg,1533046764.0,2507,0.98,30,CasualUK,[deleted]
93ejcb,Alan Sugar outage scheduled for 1500 hours,,https://i.imgur.com/EXaIW7O.png,1533044213.0,89,0.93,38,CasualUK,Jeff-Stelling
93eef5,The one thing to unite us both,,https://i.redd.it/408d7p2naad11.png,1533043114.0,7457,0.95,1101,CasualUK,theevilnerd42
93dxie,Inconsistencies from Walkers.,,https://imgur.com/MNBSyOa,1533039116.0,196,0.97,43,CasualUK,chilejon
93dvxe,Most British car crash,[deleted],https://youtu.be/Mq-uc2tkHS0,1533038716.0,152,0.96,56,CasualUK,[deleted]
93dhu6,Found this gem in Aldi. Smoked Water from Anglesey.,,https://i.redd.it/7s8ow7gam9d11.jpg,1533034891.0,106,0.97,20,CasualUK,MVF3
93dgzq,Catering sized bags of food from Morrison‚Äôs reduced aisle. 50p a pop. All freezable. Winner....,,https://i.redd.it/aihzw91hl9d11.jpg,1533034648.0,115,0.96,29,CasualUK,[deleted]
93ddqo,Spotted at Whitby. I‚Äôm curious about going but figured I‚Äôve already spent too much money on BS. Thoughts?,,https://i.redd.it/3hk5iipqi9d11.jpg,1533033697.0,82,0.94,58,CasualUK,MilosWanders
93d81g,Just a little motor for getting round town,,https://i.redd.it/hujbdpmpd9d11.jpg,1533032004.0,202,0.98,66,CasualUK,EarlOfBronze
93cpxi,Bensons for beds warning,"Benson's for beds have a 20% cancellation charge so if you change your mind about the 2 grand tempur mattress, you have to pay 400 quid to get nothing.",https://www.reddit.com/r/CasualUK/comments/93cpxi/bensons_for_beds_warning/,1533026313.0,80,0.91,30,CasualUK,jakeyjake1990
93cnqb,Oh dear,,https://v.redd.it/mr23nfs5u3d11,1533025586.0,457,0.97,31,CasualUK,Somebody2804
93cgeg,A free font made of the mad looking scrawls you see on the side of wheelie bins.,,http://www.fontspace.com/frazer-price/rubbish,1533023089.0,259,0.97,27,CasualUK,loudribs
93apu7,"I lived in your glorious land for five years, and I am reminded of it often...",,https://i.redd.it/7bjoob7277d11.jpg,1533005595.0,115,0.94,11,CasualUK,earlyenrichment
9382he,I don‚Äôt know what to do.,,https://i.redd.it/skeozvz0i5d11.jpg,1532985025.0,108,0.95,29,CasualUK,DeadYen
937jq1,"Hello. I‚Äôm drunk, it‚Äôs Monday, look at my tub of butter and suffer. I know you will all hate this.",[deleted],https://i.redd.it/0nytjn7h75d11.jpg,1532981478.0,119,0.89,52,CasualUK,[deleted]
937fx3,Netflix horrors must have a low budget,[deleted],https://i.redd.it/u5gxivqd55d11.jpg,1532980777.0,57,0.87,19,CasualUK,[deleted]
937dbi,I‚Äôd have preferred Quavers myself....,,https://i.redd.it/5tnva9nx35d11.jpg,1532980287.0,81,0.93,26,CasualUK,[deleted]
936epm,"'Don't blame me, I quoted for Kodos.'",,https://i.imgur.com/pgFgxq0.jpg,1532973894.0,88,0.93,1,CasualUK,[deleted]
936cjx,You can‚Äôt tell me what to do!,,https://i.imgur.com/BBJujlz.jpg,1532973503.0,90,0.96,10,CasualUK,Darloboy
936936,Official: Classic Vanilla Coke Discontinued from the UK. Only option is the awful zero sugar option.,,https://i.redd.it/lthszgosh4d11.jpg,1532972841.0,107,0.94,76,CasualUK,ManuPasta
9360we,This lad‚Äôs review of fake tan is brilliant,[deleted],https://i.redd.it/iqpi1tv5d4d11.jpg,1532971285.0,727,0.97,35,CasualUK,[deleted]
935t66,"Thanks to everyone who helped us with our search for a rescue dog. We brought Loki home today and our current dog is getting along with him great, he is settling really well.",[deleted],https://i.redd.it/gabft2c094d11.jpg,1532969887.0,110,0.95,10,CasualUK,[deleted]
935bcx,Whilst stripping wallpaper I uncovered an ancient mural. It looks to be either Pagan or Satanic imagery; can anyone please help me identify it??,,https://i.redd.it/rvaak944z3d11.jpg,1532966562.0,279,0.97,37,CasualUK,Gazmaster
934rek,My building‚Äôs gym cramping my style...,,https://i.imgur.com/Vlj7nID.jpg,1532962680.0,111,0.93,9,CasualUK,vaskemaskine
934ehl,A pub in my old home town.,[deleted],https://i.redd.it/cu7mjsjpf3d11.jpg,1532960034.0,281,0.97,34,CasualUK,[deleted]
933z88,Shaving makes me swear,,https://i.redd.it/9tfcacdc53d11.jpg,1532956649.0,75,0.93,9,CasualUK,[deleted]
933adk,English dogs and their owners are the best! Very friendly and ready to perform tricks for us tourists. Here‚Äôs Yeti from York who shows us how to play dead.,,https://v.redd.it/sakujomkm2d11,1532950348.0,52,0.9,10,CasualUK,[deleted]
9339yn,The Great British Battle of Rather British Things - Round 2,,https://i.imgur.com/TJd5a2m.png,1532950218.0,123,0.89,34,CasualUK,Zazsona
932yik,EasyJet making sure I realise my flight is delayed,,https://imgur.com/vPeSZVP,1532946747.0,229,0.97,45,CasualUK,ne1butu
932txo,PSA: The no politics rule and general casualness!,[deleted],https://www.reddit.com/r/CasualUK/comments/932txo/psa_the_no_politics_rule_and_general_casualness/,1532945303.0,177,0.97,215,CasualUK,[deleted]
932syk,Definitely the best piece at Bristol's Upfest this weekend (Street Art festival),,https://i.redd.it/rnhn7zky62d11.jpg,1532944988.0,581,0.98,39,CasualUK,VonCuddles
932ibv,Sometimes Jeremy Kyle provides us with belters like this. Imagine trying to shake hands with a blind man.,,https://i.redd.it/6h0z83amw1d11.jpg,1532941507.0,370,0.98,24,CasualUK,phudderr
932fbu,Possibly the UK's most unfortunate postcode,,http://imgur.com/EoarvGa,1532940499.0,535,0.97,59,CasualUK,angusgbishop
932bpi,When it's more than a fart,,https://i.redd.it/t2tt7awqp1d11.jpg,1532939194.0,9670,0.91,141,CasualUK,cryptus
9325gs,A display of peak performance at stag axe throwing - Nailed it.,[deleted],https://i.redd.it/30e8s9y0j1d11.gif,1532937064.0,157,0.95,21,CasualUK,[deleted]
931wi3,30th July 1966. 52 years of hurt,,https://imgur.com/XhCFVG9,1532934207.0,101,0.86,24,CasualUK,HarryGoLocky
931kzn,Carry On Resurfacing...,,https://i.redd.it/iajo91o201d11.jpg,1532930595.0,143,0.97,5,CasualUK,bigFatHelga
92zoyt,Every Brits real nightmare,,https://i.redd.it/a89hcg8gizc11.jpg,1532912527.0,327,0.97,29,CasualUK,CaptainSquishyy
92z7zb,That's the last time I buy dog food off a bloke in the pub,,https://i.redd.it/lkll6xi26zc11.jpg,1532908365.0,93,0.94,8,CasualUK,fritzlecopter
92yu02,"I‚Äôm loving this sculpture in the RA exhibition right now - selling for ¬£12,500,000 and submitted as a joke",,https://i.redd.it/ojmjmv3vvyc11.jpg,1532904937.0,53,0.91,8,CasualUK,wellthisisabitodd
92ytdh,"I saw this today on the train, is it a joke, or is it serious?",,https://imgur.com/a/SoWh0K8,1532904789.0,54,0.88,11,CasualUK,miraoister
92x0h9,An important public notice from Scarfolk Council,,https://i.redd.it/dt3879a1oxc11.jpg,1532890212.0,309,0.97,47,CasualUK,C_von_Hotzendorf
92wwr1,Took 11 consoles and 150+ games to the Glasgow's Sick Children's Hospital on Saturday. Enlisted some local wrestlers to help us carry it in:,[deleted],https://imgur.com/a/NXywkLo,1532889387.0,330,0.96,24,CasualUK,[deleted]
92ww1q,This seems like a bargain!,,https://i.imgur.com/kp5aRVf.jpg,1532889220.0,137,0.97,32,CasualUK,Cornerway
92wmgh,The Triffids have arrived,,https://imgur.com/RVWWAdr,1532887099.0,158,0.94,10,CasualUK,originalnamesarehard
92wcvz,Tour de France: Geraint Thomas completes victory in Paris,[deleted],https://www.bbc.com/sport/cycling/44998961,1532884941.0,125,0.95,9,CasualUK,[deleted]
92wbbm,"My first ever home grown cucumber. Absolute unit. I'm going to make a cup of tea, slice this bad boy for some sandwiches and proudly hold my pinkie out.",,https://imgur.com/2CZ9bXs,1532884587.0,610,0.96,74,CasualUK,ObjectiveCow
92waso,Casually getting a drink in McDonalds and I see this,"So there me standing around waiting for my Diet Coke, and there a lady across from me doing shots of ketchup out of tiny paper shot glasses.... Where do you look ?  ",https://www.reddit.com/r/CasualUK/comments/92waso/casually_getting_a_drink_in_mcdonalds_and_i_see/,1532884466.0,58,0.92,15,CasualUK,Dam-nation91
92w8fa,"From local Facebook page, someone moaning about farmer working during night. Even though they brought there house next to the field.",[deleted],https://i.redd.it/7da6optg5xc11.jpg,1532883948.0,76,0.95,49,CasualUK,[deleted]
92w65w,When I was little my mum and aunt would say 'you daft apoth!' if we did something silly. Anyone else heard this or is my family just insane?,,https://www.reddit.com/r/CasualUK/comments/92w65w/when_i_was_little_my_mum_and_aunt_would_say_you/,1532883469.0,57,0.92,48,CasualUK,Kloui17
92vqop,"Another classic television moment featuring Joe Wilkinson, this time featuring a potato and a golf hole",,https://v.redd.it/eqlqhq8qe2c11,1532879893.0,142,0.96,15,CasualUK,Hassaan18
92voko,An American in Britain: The most British thing I've seen yet. A man sunbathing in 70F weather on top of a bar,,https://i.redd.it/zvcfmsaurwc11.jpg,1532879390.0,203,0.92,79,CasualUK,GukkiSpace
92vhd1,Cat drama afoot on my sister's road,[deleted],http://imgur.com/uCb8UVy,1532877698.0,174,0.96,59,CasualUK,[deleted]
92uurb,"What the fuck Vue, how badly designed is your website?",,https://i.imgur.com/XSuql0W.png,1532871913.0,52,0.93,22,CasualUK,andtheniansaid
92urzw,Guess who's back ...,,https://i.redd.it/tks694z83wc11.jpg,1532871129.0,389,0.95,14,CasualUK,[deleted]
92unir,Why in Gods name dies this sign exist? Has someone been fishing them out?,,https://i.redd.it/vte6vnhezvc11.png,1532869806.0,61,0.93,22,CasualUK,mr-andrew
92uew5,Seagulls are becoming domesticated!,,https://i.redd.it/ph1r33u7rvc11.jpg,1532867072.0,100,0.96,30,CasualUK,ACatCalledMorty
92u893,Are we the only country that thinks old farm equipment makes an adequate playground?,,https://i.redd.it/nd9u06q8lvc11.jpg,1532865040.0,336,0.97,65,CasualUK,morganrum
92u5ch,Enjoy your garden!,,https://imgur.com/i84E9fT,1532863945.0,53,0.91,4,CasualUK,brass___monkey
92u36v,"One of my older relatives posted this, please be aware as we all know that these sort of posts are true.",,https://imgur.com/ArZxDUM,1532863098.0,126,0.95,70,CasualUK,IvoryElder
92u36d,"In the sky at Leeds Castle, Kent, England ‚ù§Ô∏è U",,https://i.redd.it/sanielgefvc11.jpg,1532863093.0,492,0.98,21,CasualUK,bubsdee
92tncq,London Underground white board does it again,,https://i.redd.it/g791xfczesc11.jpg,1532856572.0,356,0.94,24,CasualUK,[deleted]
92tf3g,A Big thank you to all the people who have battled through wind and rain to restore power so that I could get my morning cuppa üëçüèª,,https://www.reddit.com/r/CasualUK/comments/92tf3g/a_big_thank_you_to_all_the_people_who_have/,1532853094.0,516,0.97,23,CasualUK,knittingthruchaos
92t7o8,My partner just started our shopping list for next week. A is for Aldi.,,https://i.redd.it/q8ok83dmcuc11.jpg,1532850034.0,889,0.98,107,CasualUK,moondust1959
92qb6a,I turned 18 years old 4 minutes ago and this is the first present I unwrapped...,,https://i.redd.it/0vzt9xztsrc11.jpg,1532819169.0,1317,0.98,119,CasualUK,Humble_Giveaway
92q0it,Found a 3-in-1 midget gem,,https://i.redd.it/20nnl27blrc11.jpg,1532816635.0,71,0.95,12,CasualUK,coconutislove
92pkrh,Is it racist if I enjoy using Ribena cordial ringpulls to dress my finger as a rice farmer?,,https://i.redd.it/c4a01s7garc11.jpg,1532812982.0,2582,0.96,164,CasualUK,CakeSlapping
92ph2u,"LPT: Read a book before bed, it will relax you helping you sleep better.",,https://i.redd.it/qaf3ntxx7rc11.jpg,1532812138.0,165,0.97,7,CasualUK,DeadYen
92oz9u,#disabeautiful is a hashtag I thought of because there is more to a disabled person than their disability.,,https://i.redd.it/1l972dnxvqc11.jpg,1532808109.0,398,0.76,56,CasualUK,FlameRedSarah
92oxv4,My kind of salad bar.,,https://i.redd.it/2bogcl4uuqc11.jpg,1532807784.0,74,0.94,12,CasualUK,urYLwDclzGgJYD0yNeTk
92odge,Mary Berry plays drums for Rick Astley at Bestival,,http://www.bbc.co.uk/news/uk-england-dorset-44991229,1532803250.0,55,0.93,9,CasualUK,dieyoubastards
92o5xw,Turns out there's a chippy at the end of the rainbow üåà,,https://i.redd.it/bavhltwlcqc11.png,1532801600.0,185,0.95,10,CasualUK,JustanotherMUA
92o3cv,"Alright team, just wanted to let you know O2 are going to charge me ¬£7.20 to post this...",,https://imgur.com/eHcBjCo,1532801037.0,247,0.95,67,CasualUK,albo_underhill
92npcp,Any love for a chilled out Welsh lad on the verge of winning the Tour De France?,,https://i.redd.it/rwcxbr0f1qc11.jpg,1532797939.0,760,0.94,104,CasualUK,DickBrownballs
92nczg,Life lessons from Scotland,,https://i.redd.it/gv9g1fustpc11.jpg,1532795275.0,1389,0.99,49,CasualUK,sm1ddlet
92n312,"After the winds last night, paddling pool wasn‚Äôt in the garden this morning. Just found it.",[deleted],https://i.redd.it/j1llzv45npc11.jpg,1532793036.0,154,0.97,27,CasualUK,[deleted]
92mzrz,Found this in hobby craft earlier today,,https://i.redd.it/lihx9xb0lpc11.jpg,1532792318.0,72,0.91,8,CasualUK,TotalCatfish13
92mxg7,This Amazon costumer review for a Gamecube extension cable.,,https://i.redd.it/fhzarcyejpc11.png,1532791810.0,70,0.94,4,CasualUK,teaqualizer
92mlly,"Do you mean custard, IKEA?",,https://i.redd.it/z5al1pc2bpc11.jpg,1532789009.0,113,0.93,37,CasualUK,redditguy1298
92mgwq,I met a wonderful ambassador from the UK,"Hi there! Long time lurker from the states.  I have never been to the UK but find reading this sub to be entertaining, informative, a little foreign but also cozy and warm at the same time.  Last night my server at a restaurant had an English accent. I began talking to him and admitted I was a bit of an Anglophile. He was the best representative for the UK ever. He was such a joy to talk to and didn‚Äôt make me feel stupid for any of my questions. We talked off and on for two hours. I learned a lot because most of what I know about the UK I have read. I learned that your beans are not our baked beans, which is what I assumed as they look the same. I asked him how to tut. He looked at me funny then kinda sucked air through his teeth. I had no idea that was the physical action for tutting! I knew a lot from this sub. We talked about the dry weather you‚Äôre having, differences in chocolates, and pronunciations of cities there and here (Edinburgh and Pittsburgh). We laughed about the difference in the word fanny. It was just so fun to talk to him and I can‚Äôt wait until I finally visit the UK!",https://www.reddit.com/r/CasualUK/comments/92mgwq/i_met_a_wonderful_ambassador_from_the_uk/,1532787824.0,115,0.92,73,CasualUK,BurrowDweller
92me97,Love rugby being on near me. I get the pub to myself :),,https://imgur.com/e6UopmR,1532787130.0,128,0.95,11,CasualUK,Nevarc_Xela
92m62h,Saw this on a friend's Facebook page with the caption 'I love this country',,https://i.redd.it/oovkca5dzoc11.jpg,1532785039.0,1474,0.98,13,CasualUK,paulrach
92m44j,"Beautiful day at Corfe Castle, Dorset!",,https://i.imgur.com/DaYvjhS.jpg,1532784497.0,137,0.97,15,CasualUK,RidRack
92m3ka,If you insist...,[deleted],https://i.redd.it/huu4mbr9xoc11.jpg,1532784339.0,237,0.98,5,CasualUK,[deleted]
92llov,Footage of BBCiPlayer checking if you have a TV license,[deleted],https://v.redd.it/acygh7zahoc11,1532779015.0,5619,0.97,332,CasualUK,[deleted]
92kxsc,BBC News reporting on the apocalypse,,https://i.imgur.com/dcY8BWi.jpg,1532770323.0,677,0.99,19,CasualUK,tzanorry
92krq7,This is the exact stock photo I would have used to illustrate this story too.,[deleted],https://i.redd.it/mry45r2pknc11.jpg,1532768000.0,291,0.98,21,CasualUK,[deleted]
92kqq7,Has fashion gone too far?,,https://i.redd.it/m6z0jedgjnc11.png,1532767598.0,56,0.92,42,CasualUK,jderm1
92kj3l,This looks like some kinda of summoning circle,,https://i.redd.it/rgm3ufkxanc11.jpg,1532764715.0,228,0.99,14,CasualUK,bathroommatt
92kiwj,‚ÄúThe kids will love it‚Äù,,https://i.redd.it/aclczdfoanc11.jpg,1532764630.0,208,0.99,26,CasualUK,Fosta1997
92k5mj,The Lake District was beautiful whilst it rained everywhere else,,https://i.redd.it/btxpmolkwmc11.jpg,1532759893.0,4904,0.96,204,CasualUK,[deleted]
92humz,On holiday in the US for a bit. Some American guy said 'I bet you couldn't out drink me' then claims it's not a challenge.,"Not a challenge my arse. Man's gonna get beat.

UPDATE: Victory is ours! I figured it would be when we got tequila shots and he squeezed the lime into the tequila... I educated the poor fellow, but it wasn't a fair fight.",https://www.reddit.com/r/CasualUK/comments/92humz/on_holiday_in_the_us_for_a_bit_some_american_guy/,1532737145.0,279,0.98,87,CasualUK,[deleted]
92hsnf,Spotted a few years back in somerset,,https://i.redd.it/e135figozkc11.jpg,1532736719.0,61,0.93,4,CasualUK,Funnyaf2
92hkbc,Lovely view of the red moon from Somerset tonight,,https://imgur.com/QhrW7y2,1532734730.0,2872,0.98,89,CasualUK,fozzie1984
92hftk,I found plants in Fulham for adoption so I took them home via train,[deleted],https://i.imgur.com/2hZvtMB.jpg,1532733711.0,57,0.99,3,CasualUK,[deleted]
92gxdu,Managed to capture this earlier,,https://v.redd.it/cgt1t4nrekc11,1532729748.0,179,0.98,12,CasualUK,SpotterFive
92gm91,"Meanwhile, in Bishopstoke..",,https://i.redd.it/8u6pap9w7kc11.jpg,1532727376.0,415,0.99,38,CasualUK,littleheron
92get9,Spotted in Gateshead today...,,https://i.redd.it/i3i8dg07h5c11.jpg,1532725855.0,98,0.99,9,CasualUK,coololly
92gcbw,The London 2012 Opening Ceremony was 6 years ago today,"I'd forgotten how bloody good it was. 

You can watch the whole thing here, if you're so inclined:

[https://www.youtube.com/watch?v=4As0e4de-rI](https://www.youtube.com/watch?v=4As0e4de-rI)",https://www.reddit.com/r/CasualUK/comments/92gcbw/the_london_2012_opening_ceremony_was_6_years_ago/,1532725355.0,136,0.96,56,CasualUK,rem_elo
92fwk2,My view of the lunar eclipse........it's so beautiful!,,https://i.redd.it/i8sb7tejsjc11.jpg,1532722222.0,130,0.98,10,CasualUK,Sidthegeologist
92fr8q,Just missed a big night on the tram,,https://i.imgur.com/NBuNTxp.jpg,1532721159.0,59,0.96,12,CasualUK,FinestKind90
92fahj,Put my bag down for a second and this prick started judgin',,https://imgur.com/Nqntxvn.jpg,1532717824.0,97,0.97,8,CasualUK,Rookie385
92f80y,"Does anyone else have a chain-smoking, northern aunt?",,https://i.redd.it/tfkpf4ecdjc11.jpg,1532717346.0,342,0.96,49,CasualUK,[deleted]
92f7ku,Giz a bez mam,,https://i.redd.it/42huq0gh4jc11.jpg,1532717254.0,108,0.96,9,CasualUK,Crisp_Arc
92f6es,Isn‚Äôt this just normal takeaway food?,[deleted],https://i.redd.it/18whwp9h6ic11.jpg,1532717041.0,53,0.88,20,CasualUK,[deleted]
92f211,Game Changer,,https://i.redd.it/qffumskkajc11.jpg,1532716182.0,311,0.92,32,CasualUK,idlewildgirl
92evfa,"And now, back to our regular scheduled program",,https://v.redd.it/p33stptm6jc11,1532714933.0,4267,0.96,196,CasualUK,LeapingWyvern
92eu5b,You know you'd all do the same!,,https://imgur.com/wMOphE9,1532714667.0,284,0.97,29,CasualUK,TheGiftOfBeer
92e45e,Real love in the blood donor guide,,https://i.imgur.com/MB9RTvA.jpg,1532709747.0,59,0.94,7,CasualUK,Tamb0rineMan47
92dww4,"Found one of these lego pieces in my garden earlier , you could make some of the most creative weapons with these fellas",[deleted],https://i.redd.it/pra61sv7nic11.jpg,1532708316.0,52,0.94,10,CasualUK,[deleted]
92dp28,Someone wrote to my local paper to suggest the police use blimps because the helicopters are too noisy.,,https://i.redd.it/qobvqaaniic11.png,1532706800.0,148,0.97,70,CasualUK,bacon_cake
92dkp4,"With Upfest, Europe's biggest street art festival, starting in my city of Bristol today, I found this masterpiece on the walk home from work. A* for effort",,https://i.redd.it/86vp5qw3gic11.jpg,1532705933.0,145,0.94,28,CasualUK,itstartswithani
92dfdl,Who is your towns local celebrity?,[deleted],https://www.reddit.com/r/CasualUK/comments/92dfdl/who_is_your_towns_local_celebrity/,1532704888.0,53,0.95,105,CasualUK,[deleted]
92del7,Richard Ayoade is sceptical of fun,,https://v.redd.it/rmuizscybic11,1532704729.0,84,0.97,3,CasualUK,Hassaan18
92d8kf,I cannot describe the irritation I feel whenever I walk past this sign,,https://i.imgur.com/rWbPKW5.jpg,1532703582.0,389,0.97,49,CasualUK,[deleted]
92conx,I didn't think I was fat enough to break a bloody bench.,,https://i.redd.it/as7d540zwhc11.jpg,1532699497.0,289,0.96,27,CasualUK,Elijah_ozz
92cf4u,"Classic DPD. They missed me today, despite me being in. This is the picture they sent. I live at 85.",,https://i.redd.it/9uwqg30pqhc11.jpg,1532697374.0,539,0.99,66,CasualUK,DancingPianos
92cese,Something very British about this newspaper article,,https://i.redd.it/2v5srgdhqhc11.jpg,1532697304.0,99,0.92,27,CasualUK,therealpiemouse
92c36q,Thanks for the banter/patter | Here's an African Sausage Roll,"I spend my summers in Burkina Faso, West Africa for work. Everyone speaks French (at best) and I miss having people to shit-talk with. CasualUK has been keeping me sane with a taste of back home. In return, this is the closest to a Gregg's Sausage Roll I've managed to find (It's a hotdog in pastry, but after a month of rice and tomatoes it is glorious!) ... 

[Cheers, CasualUK!](https://preview.redd.it/em88wa42ihc11.jpg?width=3264&amp;format=pjpg&amp;auto=webp&amp;s=50c2438b9064788a3bbc4bfeff0fa54ff74e9112)",https://www.reddit.com/r/CasualUK/comments/92c36q/thanks_for_the_banterpatter_heres_an_african/,1532694605.0,59,0.92,15,CasualUK,GergMurkey
92c1e2,"I messaged a wholesome old man 2 weeks ago buying a fishing rod, he emails me a few times a week now asking how I am and my plans.","I emailed him for some information regarding the rod, sadly it wasn't what I was looking for, but he said if he see's anyone selling the type of rod I want he would let me know. He emails me every now and then asking how I am and how the fishing is, what my fishing plans are for the weekend. He's currently banned from fishing by his Mrs because it's too hot and he needs to look after his heart.

Today he accidentally sent me a photo of himself whilst complaining about not being able to update something. We managed to fix it and now he's telling me about his sons upcoming wedding.

This old boy is so wholesome, and I hope my responses to him make his day like his responses to me make mine. When the weather cools down, I hopefully will get him out to come fishing with me.",https://www.reddit.com/r/CasualUK/comments/92c1e2/i_messaged_a_wholesome_old_man_2_weeks_ago_buying/,1532694149.0,1004,0.98,120,CasualUK,cotch85
92bwog,"Brooklands museum is good, but this was the best thing....fnarr.",,https://i.redd.it/gja5tnnkdhc11.jpg,1532692962.0,226,0.96,18,CasualUK,Traffodil
92bg0z,"New type of train in Liverpool, Vauxhall rd ,",,https://v.redd.it/o3cjmt3bzgc11,1532688196.0,60,0.96,14,CasualUK,D1rtymaca1
92b7wd,"People who moved to the UK from another country, what is better, and what do you miss about your home country?",[deleted],https://www.reddit.com/r/CasualUK/comments/92b7wd/people_who_moved_to_the_uk_from_another_country/,1532685658.0,59,0.91,154,CasualUK,[deleted]
92b20i,Swan bath,[deleted],https://v.redd.it/bqv7d56ggcc11,1532683734.0,714,0.98,27,CasualUK,[deleted]
92b0l8,British police hunt fried egg bandit,[deleted],http://www.anorak.co.uk/451642,1532683220.0,51,0.89,7,CasualUK,[deleted]
928avf,I just got woken up by the most glorious sound,"A thunderstorm and rain.....praise the lord. 

EDIT: RIP MY PHONE NOTIFICATIONS ",https://www.reddit.com/r/CasualUK/comments/928avf/i_just_got_woken_up_by_the_most_glorious_sound/,1532655450.0,399,0.99,266,CasualUK,millsytime
927ln2,This American petrol station looks similar to a Poundland,,https://i.redd.it/fau6i02usdc11.jpg,1532649687.0,59,0.91,5,CasualUK,spazmz42
926809,"Bikers spicy flavour 10p remember these?! Bought a copy of cluedo on the carboot and these were neatly trapped inside, think they‚Äôre from about 92-94. Surely the best preserved packet of crisps from this era...?",,https://i.redd.it/inctldvsxcc11.jpg,1532639291.0,101,0.96,23,CasualUK,nineteen-84
925ul2,Followed a giant snail for a bit on the way home today,,https://i.redd.it/8y4q7xupncc11.jpg,1532636717.0,67,0.99,11,CasualUK,Nicksaurus
925my3,Teignmouth is an absolute shit hole,,https://i.redd.it/ioyanzu0mcc11.jpg,1532635284.0,887,0.99,182,CasualUK,Offensive_Bacon
924uou,It's too bloody warm for this nonsense. The Arctic Circle is on fire and Asda have these on sale already.,,https://i.imgur.com/hdhamBn.jpg,1532629868.0,60,0.95,15,CasualUK,GoodLordMarjorie
924ksq,This woman REALLY enjoyed her indian,,https://imgur.com/XGBoMM9,1532628017.0,354,0.94,41,CasualUK,leftabomb
9246us,Translation: Slow down,,https://i.redd.it/3yh4j1vmsbc11.jpg,1532625387.0,243,0.99,19,CasualUK,ginzamdm
9245w3,Got to love Royal Mail.,,https://i.redd.it/ehqazzc3sbc11.jpg,1532625208.0,2248,0.98,182,CasualUK,evilpenguin538
9244bk,I unfortunately just found a toy that is more painful to step on than lego.,,https://i.redd.it/hvyobum7rbc11.jpg,1532624910.0,61,0.95,9,CasualUK,[deleted]
923y5f,Hungaricum? Nah I‚Äôll pass,,https://i.redd.it/tdbhkc4wnbc11.jpg,1532623793.0,53,0.93,15,CasualUK,nabildad7
923mtz,keeping all the chocolate in the fridge so you actually get a chance to eat it,[deleted],https://i.redd.it/oh22tn3ihbc11.jpg,1532621653.0,89,0.97,22,CasualUK,[deleted]
923grp,When you see someone trying to be positive,,https://imgur.com/zr2qCOL.jpg,1532620532.0,114,0.98,6,CasualUK,Greganor
922ymq,Heh heh heh. Desperate times call for desperate measures. M&amp;S had ice on display and I had an empty plastic bag........ A quick scoop when no one's looking and now there's a chance I may make it home alive,,https://i.redd.it/lcurfu2m3bc11.jpg,1532616982.0,146,0.96,13,CasualUK,lilgeoffrey
922sko,Unethical British Life Pro Tips Thread,Unethical but useful!,https://www.reddit.com/r/CasualUK/comments/922sko/unethical_british_life_pro_tips_thread/,1532615741.0,207,0.95,351,CasualUK,[deleted]
922rve,Anyone remember getting these in your lunch box and wondering why you got given a dog treat!?,,https://i.redd.it/kg9esw9kzac11.jpg,1532615610.0,105,0.92,18,CasualUK,Simmonsdude
922pqp,"About as good as it gets in The UK. 25 degrees, cool breeze, Snowdonia in the distance, clear blue sea... Of course it has to be full of Jelly Fish :/",,https://i.redd.it/4ljfsza9yac11.jpg,1532615175.0,68,0.94,15,CasualUK,Tjetom
922jeh,Spotted this sign on the walk to the station,,https://i.imgur.com/MufZniM.jpg,1532613857.0,693,0.97,25,CasualUK,Girm1987
922hjd,"This unfortunately shaped bush in Otley, West Yorkshire",,https://i.redd.it/f2o13t2btac11.jpg,1532613506.0,78,0.87,12,CasualUK,Mandirustag
92254p,This poster found in Manchester. (The stop is alighting only),,https://i.imgur.com/NyEzveD.jpg,1532610817.0,1441,0.98,133,CasualUK,Decabus
921tw5,Kids have been off for 3 days and already causing chaos.,,https://i.imgur.com/LirESrA.jpg,1532608177.0,779,0.98,46,CasualUK,BeerHikeLift
921swe,Tesco understands,,https://imgur.com/QRR0psp,1532607934.0,894,0.99,4,CasualUK,silverbackjack
921ns1,"Meet our new friends. Mabel, Gertrude and Son Hen-Min. (R-L)",,https://i.redd.it/ur2ngqzq8ac11.jpg,1532606677.0,50,0.98,25,CasualUK,LucifersPromoter
921jip,I think that my dog is enjoying the sun a lot more than me!,,https://i.imgur.com/xGNjgU3.jpg,1532605557.0,72,0.95,6,CasualUK,JoeSlashdave
921e1h,If you see a homeless person today...,"Buy them a bottle of water, it‚Äôs ridiculously hot and could help them a lot.",https://www.reddit.com/r/CasualUK/comments/921e1h/if_you_see_a_homeless_person_today/,1532603997.0,229,0.93,52,CasualUK,DEUK_96
9217sv,Sheffield man upset by people having sex with his hedge.,[deleted],https://www.bbc.co.uk/news/uk-england-south-yorkshire-44964690,1532602239.0,162,0.97,27,CasualUK,[deleted]
9217h1,(potato quality) spotted in Huddersfield!,,https://i.redd.it/72kkbx0hv9c11.jpg,1532602130.0,74,0.94,19,CasualUK,thewanderer123456789
9216qb,Cast of Rainbow chime in on Cliff Richard's BBC payout,,https://i.imgur.com/TYusDvP.png,1532601922.0,409,0.98,28,CasualUK,futuristmusic
921491,Motivation at the Police station,[deleted],https://i.redd.it/fgrb07dks9c11.jpg,1532601153.0,149,0.95,18,CasualUK,[deleted]
9213b0,"Sunset at Fistral Beach, Newquay",,https://imgur.com/3cSoJXL.jpg,1532600881.0,102,0.98,15,CasualUK,DrHeuh
920xkq,You seeing what Mum just called me?,,https://i.redd.it/dxwuznhmm9c11.jpg,1532599153.0,1717,0.97,66,CasualUK,Reddnits
920x85,This job email gave me Vietnam flashbacks.,,https://i.redd.it/bzkfpps6m9c11.png,1532599046.0,846,0.97,86,CasualUK,salty-sigmar
920tgh,Probably should‚Äôve looked for him there in the first place?,,https://i.redd.it/f74wnjpmi9c11.jpg,1532597808.0,942,0.99,43,CasualUK,ed-uk
920sgi,96%,,https://i.redd.it/gzie564qh9c11.jpg,1532597504.0,94,0.95,17,CasualUK,monsieurswardy
920lu6,I think I know what charities are spending our 5p's on!,,https://i.redd.it/9zgkcjjdb9c11.jpg,1532595370.0,288,0.98,47,CasualUK,FactuallyInadequate
920j3q,"Yesterday i felt so very, very British. Gotta love the sound of a whirltzer being played out in the open ona pier.",,https://i.redd.it/n17ax0ka89c11.jpg,1532594437.0,52,0.86,5,CasualUK,[deleted]
9209mh,I mashed up a couple of retro Underground posters into one more accurate one,,https://i.imgur.com/mXmnyeo.png,1532591241.0,3247,0.98,76,CasualUK,no_egrets
9205y6,The best summer treat,,https://i.imgur.com/tso0llH.jpg,1532590072.0,227,0.95,30,CasualUK,TechnicalTortoise
91zzgl,WW2 Spitfire pilot Mary Ellis dies,,https://www.bbc.co.uk/news/uk-44962253,1532588107.0,127,0.95,20,CasualUK,tmstms
91zy1p,"CasualUK, meet Howard and Vince, in their current favourite hiding place",,https://i.redd.it/abon78gio8c11.jpg,1532587681.0,1143,0.95,71,CasualUK,StardustOasis
91wj6e,Hot Fuzz is coming to Netflix on 4th August.,"No longer will you have to wait another 12 minutes for ITV to show it, you'll be able to watch it whenever you want. ",https://www.reddit.com/r/CasualUK/comments/91wj6e/hot_fuzz_is_coming_to_netflix_on_4th_august/,1532557636.0,123,0.96,43,CasualUK,butler1233
91w5r3,Just caught these two having a scrap on my patio,,https://v.redd.it/bl7gvbn1z5c11,1532554946.0,71,0.94,10,CasualUK,busty-sinclair
91v8uf,"Sunset, Chiltern Hills",,https://i.redd.it/x0cb9nxgg5c11.jpg,1532548655.0,51,0.97,7,CasualUK,Watersmuddy
91v7jd,"Smoke free too, huh?",,https://i.redd.it/ph50sdsqf5c11.jpg,1532548409.0,92,0.93,38,CasualUK,oHUTCHYo
91urhn,Me tomorrow,,https://i.redd.it/xuftnsuis0111.gif,1532545432.0,8200,0.94,1037,CasualUK,Altoids101
91ulqz,Jackpot. Two frog bins.,,https://imgur.com/lFpzzkC,1532544380.0,339,0.99,7,CasualUK,funkyjim
91ulph,Henry isn't looking too well lads,,https://i.imgur.com/L4iQCBx.jpg,1532544374.0,118,0.98,4,CasualUK,beefkiss
91ul0d,Nice day for a punt,,https://i.imgur.com/EsINzEj.jpg,1532544244.0,160,0.97,15,CasualUK,[deleted]
91uj6v,I get the strangest junk mail...,[deleted],https://i.redd.it/2rebxa8c25c11.jpg,1532543905.0,214,0.98,24,CasualUK,[deleted]
91u9u1,Just witnessed the creation of a life ambition,,https://imgur.com/FPzgy5d,1532542212.0,267,0.98,11,CasualUK,xferok
91u4gw,Google Streetview near me has a house on fire...,[deleted],https://i.redd.it/d4ohg39du4c11.jpg,1532541222.0,713,0.99,28,CasualUK,[deleted]
91tsd6,Passive aggressiveness at its finest,,https://i.redd.it/2m7fs71vn4c11.jpg,1532539036.0,55,0.89,10,CasualUK,dualduggie
91toth,I'd just like to offer a salute to the person who handed my phone into W.H. Smiths near Cardiff Gate Business Park.,"Been shitting my arse, running between Asda and work, checking every fucking twig and rock I may have brushed past.

Google locate my phone told me the general area and the guy at the shop was super handy.

I'd buy you a pint were I able.

10/10 Bromanship",https://www.reddit.com/r/CasualUK/comments/91toth/id_just_like_to_offer_a_salute_to_the_person_who/,1532538376.0,91,0.95,6,CasualUK,Heliocentrix
91thtd,That‚Äôs a big trolley...,,https://i.redd.it/tceua28yh4c11.jpg,1532537052.0,179,0.97,19,CasualUK,LaneToGlory
91tbnf,"‚ÄúNo top, just sides please‚Äù.",[deleted],https://i.redd.it/4dmvi2jle4c11.jpg,1532535919.0,156,0.97,5,CasualUK,[deleted]
91t6xi,TIL there's a place in Birmingham where you pay to smash up office equipment with a baseball bat,,http://www.grangelivegaming.com/Rage-Room.php,1532535056.0,56,0.95,9,CasualUK,beefygravy
91se7b,"Idea for a bit of casual fun: Find the worst hotels on Tripadvisor (or similar), I'll start.",[https://www.tripadvisor.co.uk/Hotel\_Review-g186332-d13964945-Reviews-Charnely\_Lodge\_Hotel-Blackpool\_Lancashire\_England.html](https://www.tripadvisor.co.uk/Hotel_Review-g186332-d13964945-Reviews-Charnely_Lodge_Hotel-Blackpool_Lancashire_England.html) some truly abysmal photos on there. ,https://www.reddit.com/r/CasualUK/comments/91se7b/idea_for_a_bit_of_casual_fun_find_the_worst/,1532529521.0,102,0.95,56,CasualUK,[deleted]
91ryz8,This is getting out of hand. Are they even using the tracks at all anymore?,,https://i.redd.it/pnuexe4em3c11.jpg,1532526436.0,934,0.99,67,CasualUK,Richybliss
91ry9c,A TV advert for Heinz baked beans has been banned for comparing its nutritional value to a protein shake.,[deleted],https://www.bbc.co.uk/news/business-44951720,1532526282.0,67,0.93,37,CasualUK,[deleted]
91rue1,Lucozade is shit now,"So, I've come down with a summer flu, it *really* sucks. Ever since I was a kid I've had lucozade when I'm unwell. Even if it doesn't *actually* help, it's feels like it helps.
  
I noticed it tasted a bit off, but I assumed it was just my tastebuds being out of whack. But no. No, it's just that Lucozade tastes like shit now because it's it's full of aspartame. Isn't the whole point of Lucozade is that it's sugary as all fuck? It's own tagline is ""*powered by glucose*""... more like ""*glanced at by glucose*"". Surely calling itself an ""energy drink"" is disingenuous?
  
I am really disappointed.",https://www.reddit.com/r/CasualUK/comments/91rue1/lucozade_is_shit_now/,1532525467.0,107,0.95,109,CasualUK,RecklessRonaldo
91rmx5,Is anyone else wondering how the hell Keith Lemon is still getting airtime on TV?,[deleted],https://www.reddit.com/r/CasualUK/comments/91rmx5/is_anyone_else_wondering_how_the_hell_keith_lemon/,1532523820.0,432,0.94,189,CasualUK,[deleted]
91r2qn,For those who didn‚Äôt see this the other night.,,https://youtu.be/YstBl9xzz34,1532518852.0,305,0.91,72,CasualUK,Brightgears
91qe0l,Can we give a shout-out to the inventor of the non-sticky bits at the end of bread bag sealer tape...,...no longer do you have to tear the bag in frustration after trying to separate the tape for 10 minutes.,https://www.reddit.com/r/CasualUK/comments/91qe0l/can_we_give_a_shoutout_to_the_inventor_of_the/,1532511518.0,102,0.94,29,CasualUK,wirral_guy
91qdli,A unique selling point in this hot weather,,https://i.imgur.com/K02sdgM.jpg,1532511385.0,302,0.97,12,CasualUK,gvkitchen
91qd62,Further proof no one likes Morris Dancers.,,https://i.redd.it/mp1yzxj9d2c11.jpg,1532511257.0,3682,0.97,200,CasualUK,zetecvan
91q1rn,Free emu in Liverpool if anyone's interested...,,https://i.redd.it/2y777kpt12c11.png,1532507494.0,208,0.96,34,CasualUK,isislavinia
91q15c,They take bin possession seriously here (it's bin day today hence unlocked),,https://i.redd.it/3x2mep6f12c11.jpg,1532507285.0,63,0.92,50,CasualUK,claireinmanchester
91q0kx,It always surprises me that supermarkets still don't sell simpler sandwiches. I'd love a simple jam sandwich or Nutella butty sometimes.,You know it'd make sense.,https://www.reddit.com/r/CasualUK/comments/91q0kx/it_always_surprises_me_that_supermarkets_still/,1532507097.0,188,0.92,132,CasualUK,anagoge
91pmhc,Anyone like my Shilling Keyring from a good year?,[deleted],https://i.redd.it/tmjnftevm1c11.png,1532502681.0,304,0.92,29,CasualUK,[deleted]
91pdk7,Ideas for a shit wedding present,"So it‚Äôs that time of year where weddings are coming in thick and fast and in this particular group of friends we‚Äôve developed the tradition of buying shitty and nearly impractical wedding presents. The last one of us to get married received [this beautiful teapot.](https://imgur.com/a/MnG5yhf)

I am calling on r/CasualUK to help! I need some fresh ideas for my friend who will be getting his ball and chain this weekend. I was thinking of finding a stuffed stag head in the market but it‚Äôs likely pretty expensive

Budget is ~¬£30 maximum.",https://www.reddit.com/r/CasualUK/comments/91pdk7/ideas_for_a_shit_wedding_present/,1532500012.0,79,0.95,105,CasualUK,Crippled_Potato
91nn0g,"Just witnessed a drunk man with a Stella Artois in one hand and an Asda bag with 3 more in, in the other, give a random stranger passing by one of the cans and a lighter. Such a wholesome British thing to do.",[deleted],https://www.reddit.com/r/CasualUK/comments/91nn0g/just_witnessed_a_drunk_man_with_a_stella_artois/,1532483764.0,66,0.9,8,CasualUK,[deleted]
91lstq,They‚Äôre selling sewing kits in Costco,,https://i.redd.it/nbnaykhfwyb11.jpg,1532469274.0,215,0.95,26,CasualUK,RonaldShrump
91l7ju,3 years ago I lost one of my best friends at 30 years old to cancer he had survived 2 tours of afghan with the 3 rifles and finally lost an unwinannable battle we honour him every year with the piss up we did for his last bday and this year we got the Torbay sandman to help us show our respect,,https://i.redd.it/v19hruzpjyb11.jpg,1532465006.0,504,0.96,16,CasualUK,doggface1988
91kx6s,"My local skatepark at 6am, Victoria Park, Warrington.","https://preview.redd.it/d791xfpncyb11.jpg?width=3328&amp;format=pjpg&amp;auto=webp&amp;s=2eb9dcc3928e8ed8f162a6cc21de162a4f24f9d8

https://preview.redd.it/vx0tmloncyb11.jpg?width=3328&amp;format=pjpg&amp;auto=webp&amp;s=8757f95caa562299271224453221de1d27f3b590

https://preview.redd.it/9pjztkoncyb11.jpg?width=3328&amp;format=pjpg&amp;auto=webp&amp;s=41655ceec705776ef20c89b060955d1b1269e806

https://preview.redd.it/v8mdzkoncyb11.jpg?width=3328&amp;format=pjpg&amp;auto=webp&amp;s=5f9fb4e44689b04bad9726d37a1407b0faed8bb2

https://preview.redd.it/823mieoncyb11.jpg?width=3328&amp;format=pjpg&amp;auto=webp&amp;s=b20c002e36f5b797caecb9ff1073d13807c1f82b

https://preview.redd.it/8nqh2loncyb11.jpg?width=3328&amp;format=pjpg&amp;auto=webp&amp;s=068c6786c5bccf4210c6674a5a9d0855ceac7c98

https://preview.redd.it/g96eokoncyb11.jpg?width=3328&amp;format=pjpg&amp;auto=webp&amp;s=9c8a388c04405f34cd5f750312d5ded80e8f7143

[Bags were lying around so I used them to gather the rubbish](https://preview.redd.it/honhsloncyb11.jpg?width=3328&amp;format=pjpg&amp;auto=webp&amp;s=2763a87c58895d0730a91132b6a2f90ae354944a)

https://preview.redd.it/7i36wfoncyb11.jpg?width=3328&amp;format=pjpg&amp;auto=webp&amp;s=2e8adf6697efc7dfc572ab9c620da9a8f5b25e28

[All the bins were packed so piled the rubbish all into one corner for the grounds keeper.](https://preview.redd.it/ut1a59rncyb11.jpg?width=3328&amp;format=pjpg&amp;auto=webp&amp;s=9382acd64f8454cf44b75291cbc8c5fa69a2a019)",https://www.reddit.com/r/CasualUK/comments/91kx6s/my_local_skatepark_at_6am_victoria_park_warrington/,1532463065.0,88,0.92,19,CasualUK,MindlessChallenge
91kdkt,WHSmith sells alcohol that is impossible to drink,,https://imgur.com/LawtdJP,1532459432.0,151,0.95,27,CasualUK,[deleted]
91kdgw,Daily Commute PSA: Don't forget to check your seat when getting off the train.,,https://i.redd.it/8ggs7jpo2yb11.jpg,1532459413.0,99,0.96,17,CasualUK,bisectional
91kdgl,"Fuck the ksi fight, I want to see these two twats go head to head in a boxing match.",,https://i.redd.it/f57ifyu33yb11.jpg,1532459412.0,463,0.95,88,CasualUK,LampLicker28190
91kc7h,I can‚Äôt decide if appealing...,[deleted],https://i.redd.it/jaeoqy6f2yb11.jpg,1532459185.0,151,0.98,21,CasualUK,[deleted]
91k6sl,"When you have to renew your car insurance and changing your job title from ""Research Consultant"" to ""Researcher"" on comparison websites reduces your premium by ¬£50",,https://i.imgflip.com/22srfb.jpg,1532458178.0,54,0.93,26,CasualUK,[deleted]
91k501,"Gotta love the great British public, when there's a mobile speed camera up ahead that you are unaware of, everyone coming the other way flash you and get you to slow down",,https://www.reddit.com/r/CasualUK/comments/91k501/gotta_love_the_great_british_public_when_theres_a/,1532457851.0,65,0.93,59,CasualUK,bathroommatt
91k4e6,"lofi hip hop radio - beats to relax/study to, but with Moss from The IT Crowd and the room is on fire.",,https://www.youtube.com/watch?v=2Bc1L78RtU8,1532457735.0,82,0.89,4,CasualUK,_Blueshift
91k08d,Nandos seem to have got this the wrong way round!,,https://i.imgur.com/N1lWf4H.jpg,1532456947.0,99,0.97,10,CasualUK,Al_Bee
91jwsg,Makes you proud doesn't it,,https://imgur.com/gallery/XfTFYss,1532456322.0,179,0.98,23,CasualUK,VodkaMargarine
91jhdf,Only 8 years and this woman will get a letter from the queen,,https://i.redd.it/gxfrs7pnlxb11.jpg,1532453543.0,19284,0.95,308,CasualUK,BBwilly
91ja23,They sure are creative with their street names,,https://i.redd.it/oztyex90gxb11.jpg,1532452175.0,139,0.97,24,CasualUK,gl1609
91j4zh,Harsh from Sky Sports,,https://i.redd.it/1g55i3muexb11.jpg,1532451255.0,90,0.81,5,CasualUK,Jordanbvb09
91j284,Peek performance,,https://i.redd.it/rf03v9q9dxb11.jpg,1532450722.0,200,0.95,25,CasualUK,RoyalDanny
91i0ps,Found this famous British beer in Kazakhstan..,,https://imgur.com/40KKyUI,1532443638.0,320,0.98,50,CasualUK,Bunt_smuggler
91h6xf,"For the past month she's been wondering around, meowing, trying to find somewhere cool to sleep. Just noticed this. My cat is a tit.",,https://imgur.com/CmXLCRg,1532437379.0,54,0.91,19,CasualUK,AdamNRG
91h4cv,"Cadburys, get your act together and make Spira again you cunts","[Spira motherfuckers](https://preview.redd.it/btebw8fe7wb11.jpg?width=800&amp;format=pjpg&amp;auto=webp&amp;s=09052f7d9d8450207dca9352caf58ed7f9c5b1fe)

&gt;Cadbury milk chocolate in a twisted hollow spiral.  
&gt;  
&gt;Spira‚Äôs distinctive form came from new chocolate extrusion technology. And rumour has it that some Spira customers used to bite the ends of the hollow chocolate ‚Äòstraw‚Äô and then use it to drink hot beverages, melting the inside. So wrong it‚Äôs right!

That's right fuckers, you can use it as a straw. Unlike Twirl which is a soggy piece of shit that melts in winter, Spira was hard as a boiled egg, and you could suck hot lead through it. And then eat the straw. It is made of delicious chocolate.

&gt;Following a million-pound investment in plant at the Bournville factory, Cadbury first test-launched Spira in the Granada television region. The chocolate was successful enough to gain a 6.3% market share and the number two chocolate position, but it proved impossible to produce sufficient quantities to keep up with demand at this stage. The bar was withdrawn from market and a new test market was established in the south-west while additional factory capacity was built.\[2\]

Spira was so popular that they needed to build a whole fucking new factory to handle it. So why did it disappear then Cadburys? Something to do with that smarmy cunt Twirl I expect. Twirl is similar to Spira except eating it is like biting into a steamy diaper of chocolate shit. It melts way too fast and tastes like plastic. Bring back Spira and consign Twirl to room 101.",https://www.reddit.com/r/CasualUK/comments/91h4cv/cadburys_get_your_act_together_and_make_spira/,1532436794.0,94,0.89,50,CasualUK,therico
91gtwa,"Alright Boots, I think I get the hint",,https://i.redd.it/7pcn8ug60wb11.png,1532434292.0,69,0.94,29,CasualUK,icabod88
91gr8r,A store in Camden lets you choose your accent,,https://i.redd.it/hpac8qwiyvb11.jpg,1532433656.0,95,0.89,38,CasualUK,slimjimjiss
91gq8c,Saw this in r/Britishideas,,https://i.redd.it/3m93bmtcv1011.jpg,1532433397.0,1065,0.98,82,CasualUK,[deleted]
91g9os,Sainsburys jumps the shark...,,https://i.redd.it/bdruaq44kvb11.jpg,1532428813.0,61,0.9,55,CasualUK,ftoomch
91g5of,Herbie got a penalty charge,,https://i.redd.it/fvprjnwjgvb11.jpg,1532427615.0,75,0.89,11,CasualUK,MatthewWSG
91g4qn,"Bring em back, Rowntree's",,https://i.redd.it/jd2aafomfvb11.jpg,1532427341.0,205,0.93,24,CasualUK,dustontheground
91g31t,It's so hot in Torquay today that our tarmac is melting,,https://i.redd.it/vk6qcuu7evb11.jpg,1532426838.0,100,0.92,37,CasualUK,HarryGoLocky
91fx21,"Apologies if this is a repost, but it‚Äôs just too perfect",,https://i.redd.it/gr8vil6n8vb11.jpg,1532424954.0,652,0.98,46,CasualUK,danphillips98
91ftto,Things the UK is hotter than today,,https://i.redd.it/q9ksqhpf5vb11.png,1532423884.0,879,0.95,116,CasualUK,MattTheMilkaCow
91fow4,Came home to a very interesting delivery from Just Eat...,,https://i.redd.it/ntm6t4fi0vb11.jpg,1532422221.0,77,0.9,12,CasualUK,haribope
91fa8p,Found in Kuala Lumpur International Airport - you can still buy Cadbury‚Äôs Dream bars in Malaysia!,,https://i.redd.it/94jc90nplub11.jpg,1532417241.0,4737,0.95,361,CasualUK,AnnieIWillKnow
91coxi,On an ultra low income; my story. (You guys have made things so much more wonderful with your support over the last eight months or so; thank you).,[deleted],https://www.reddit.com/r/CasualUK/comments/91coxi/on_an_ultra_low_income_my_story_you_guys_have/,1532392936.0,352,0.98,77,CasualUK,[deleted]
91biic,I feel like I have gone too far this time.,,https://i.redd.it/dfyhanz2urb11.jpg,1532383737.0,100,0.94,57,CasualUK,millsytime
91bgw1,Bring your laundry to the slaughter,,https://i.redd.it/okhzig05trb11.jpg,1532383418.0,183,0.99,10,CasualUK,winkymagee
91bcoj,My kind of dinosaur,,https://i.redd.it/vatxv17mqrb11.jpg,1532382575.0,139,0.98,1,CasualUK,TheDraaagon
91ai5g,Three generations of Sinha's watching The Chase,,https://i.redd.it/ljqsihufiqb11.jpg,1532376656.0,66,0.91,4,CasualUK,Hassaan18
91aflq,Almost had me there...,,https://i.redd.it/cx5i9mvj7rb11.jpg,1532376171.0,377,0.98,12,CasualUK,bobtopside
91adqm,Using these bad boys of a measure of size at any opportunity,,https://i.redd.it/6h9r0xyj6rb11.png,1532375824.0,136,0.96,25,CasualUK,williamcarron
91abit,Is it even a canal if it doesn't have a shopping trolley in it?,,https://i.redd.it/ot8ld8ja5rb11.jpg,1532375400.0,717,0.99,26,CasualUK,apocalyptictronix
919tl4,Anyone else finding the constant adverts for Facebook pretty sinister?,"Since it came out they‚Äôll sell your data to literally anyone for 2p they‚Äôve been aggressively marketing on tv all the time, specifically suggesting you share more of your personal life. I don‚Äôt like it. ",https://www.reddit.com/r/CasualUK/comments/919tl4/anyone_else_finding_the_constant_adverts_for/,1532372021.0,157,0.99,42,CasualUK,im_probablyjoking
919q23,Only in Britain,[deleted],https://i.redd.it/sdjjpl39tqb11.jpg,1532371351.0,449,0.96,36,CasualUK,[deleted]
919nsl,This little unit is going to work overtime! Who's jealous and who's part of the airconmasterrace?,,https://i.imgur.com/TFwQ0Oz.jpg,1532370929.0,63,0.92,81,CasualUK,5footbanana
919cp8,Someone at ASDA made a very calculated marketing choice.,,https://i.imgur.com/1zJd758.jpg,1532368866.0,643,0.97,20,CasualUK,sg3tom
919agm,Looks like the heat has killed the Cat...,,https://i.redd.it/z5gaxda1kqb11.jpg,1532368513.0,55,0.95,8,CasualUK,Charliep91
919abv,Getting a bit ridiculous now ain't it,[removed],https://www.reddit.com/r/CasualUK/comments/919abv/getting_a_bit_ridiculous_now_aint_it/,1532368498.0,64,0.92,30,CasualUK,Naggers123
9196iy,It's so hot I decided to pop home at lunch to let the cat out - this is how I found him!,,https://i.redd.it/djkcts4aiqb11.jpg,1532367723.0,188,0.98,12,CasualUK,Broken_Sky
9193n5,The Blessed Rain,,https://v.redd.it/gw383sasgqb11,1532367213.0,55,0.92,24,CasualUK,scttmthsn
918ryw,Can finally put a deposit on the house I've always wanted,[deleted],https://i.redd.it/iupfue3gaqb11.jpg,1532365027.0,266,0.98,25,CasualUK,[deleted]
9180l9,Hoping that in a few days the weather will be announced as an elaborate prank by the Prank Patrol and it will go back to raining,,https://i.redd.it/2tgpehjptpb11.jpg,1532359734.0,314,0.96,17,CasualUK,remote_crocodile
917j5w,I stumbled upon the remnants of someone living their best life,,https://i.redd.it/r8n4dnbdjpb11.jpg,1532356197.0,236,0.96,16,CasualUK,kumran
917h3a,This lad just pulled up at Greggs on his tractor..,,https://imgur.com/OhhmfG5,1532355759.0,134,0.96,27,CasualUK,smithyithy_
917956,El Hadji (drives a blue Ford Galaxy) thank you for rescuing me today at Heathrow.,"Got very very lost driving around Heathrow Airport. 45 minutes later, still lost, had panic attack while driving - only place I could find to pull over was a private carpark. This minicab driver calmed me down, offered me water, gave me sweets, asked carpark attendants to let me out, set satnav for correct carpark. Not all superheroes wear capes.",https://www.reddit.com/r/CasualUK/comments/917956/el_hadji_drives_a_blue_ford_galaxy_thank_you_for/,1532354090.0,184,0.93,33,CasualUK,The2ndOfHerName
916yix,Just incase the Americans got confused,,https://i.redd.it/ljep8nqp6pb11.jpg,1532351669.0,359,0.98,45,CasualUK,lawatkins
916rew,Stayed in a village called Runswick Bay at the weekend. Stunning place.,[deleted],https://i.redd.it/rq4j255q1pb11.jpg,1532349985.0,52,0.91,7,CasualUK,[deleted]
916mdu,"Thanks M&amp;S, but I think these are a bit impractical...",,https://i.redd.it/qyhf40layob11.jpg,1532348842.0,193,0.95,11,CasualUK,cryptus
916hum,I laughed a lot when this report landed in my inbox. I am childish.,,https://i.redd.it/84ah9jjwuob11.jpg,1532347692.0,331,0.96,25,CasualUK,millsytime
916g6u,Excellent choice of advertising.,,https://i.redd.it/nn9eqwootob11.jpg,1532347281.0,1212,0.98,41,CasualUK,roliver1
916d2m,Watching the council grass cutters doing their job...,,https://i.redd.it/ulnol3w4rob11.png,1532346423.0,2909,0.98,58,CasualUK,fairysdad
9168xt,"Does it bother anyone else that we have to click ""I agree"" on virtually every website?","Apart from being annoying, I feel like they could sneakily put anything in that little disclaimer, like owning your first born child or inheriting your house. I'm reminded of the South Park episode about agreeing to things without reading them. Who would do that??",https://www.reddit.com/r/CasualUK/comments/9168xt/does_it_bother_anyone_else_that_we_have_to_click/,1532345278.0,266,0.97,66,CasualUK,ExdigguserPies
9163ba,Is there a meet up of CasualUK redditors? Feel like with all this lovely weather we are missing out collectively on a beer garden somewhere,,https://www.reddit.com/r/CasualUK/comments/9163ba/is_there_a_meet_up_of_casualuk_redditors_feel/,1532343714.0,57,0.95,102,CasualUK,[deleted]
9162ze,Do all old people suddenly become best friends who‚Äôve known each other for 50+ years when the get on the bus?,,https://www.reddit.com/r/CasualUK/comments/9162ze/do_all_old_people_suddenly_become_best_friends/,1532343617.0,97,0.96,23,CasualUK,Spudzzy03
9161yh,East Fife 4 Forfar 5 - the comedy result that finally came true (on penalties),,https://www.bbc.co.uk/sport/football/44916496,1532343314.0,67,0.92,1,CasualUK,ishudreelyBwurking
915qgk,"As we're doing funny exhibition cards, here's an old favourite of mine from an exhibition at the National Maritime Museum",,https://i.redd.it/kl8vaps27ob11.jpg,1532339680.0,6880,0.97,150,CasualUK,mikimoo9
915boo,We just won silver in a world cup! Archery's coming home!,,https://www.bbc.co.uk/sport/archery/44915404,1532334549.0,333,0.95,24,CasualUK,Milo_Hackenschmidt
91585q,"""There's no food culture in Brit-""",,https://i.redd.it/1ajyshvnnnb11.jpg,1532333293.0,1136,0.98,79,CasualUK,PM_YOUR_BELLYBUTT0N
914sh1,Achieving the impossible,"Guys, I have done it!

I have finally used the last bag from the bag of bags that is kept in the bag of bags cupboard. 

(I have gone full tote bags recently)",https://www.reddit.com/r/CasualUK/comments/914sh1/achieving_the_impossible/,1532328076.0,144,0.96,25,CasualUK,Roysterdoyster
914r9a,Since we're posting Sunday Sport articles,[deleted],https://imgur.com/UVrQ64K.jpg,1532327686.0,85,0.93,30,CasualUK,[deleted]
911tjc,Number 4,,https://i.redd.it/lf06aqkpwkb11.png,1532299876.0,146,0.99,72,CasualUK,afrodizzy25
911dtu,Red sunset over Norfolk last night,[deleted],https://i.redd.it/2dq8cjn3mkb11.jpg,1532296306.0,82,0.94,12,CasualUK,[deleted]
911b7q,Think I accidentally made Mumsnet‚Äôs weapon of choice.,,https://i.redd.it/8k83m9kbkkb11.jpg,1532295713.0,298,0.97,23,CasualUK,ratbum
9118ls,After parties in the UK,,https://i.redd.it/p0i7czshikb11.png,1532295106.0,5958,0.94,416,CasualUK,PERPAL689
911701,This is Rolo. My best friend. He‚Äôs just flumped down on the sofa with an old boy groan after he spent the night with me in the pub. He pretty much got a guard of honour when we left,,https://i.redd.it/k3x1jwjfhkb11.jpg,1532294733.0,83,0.91,7,CasualUK,TheSquireOfTheShire
9111lb,Absolutely Heartbreaking,,https://i.redd.it/c0lesz7rdkb11.jpg,1532293527.0,747,0.98,100,CasualUK,Oskoff
910xi1,"Sunday evening, relaxing on the patio...",,https://i.redd.it/w2yt8uc8bkb11.jpg,1532292648.0,270,0.99,12,CasualUK,The2ndOfHerName
910hkb,It‚Äôs 27 degrees in the house and the wife just shut the window as it‚Äôs ‚Äúa bit windy‚Äù help!,"Granted I have a couple of fans going, but it‚Äôs hotter than the sun in here...",https://www.reddit.com/r/CasualUK/comments/910hkb/its_27_degrees_in_the_house_and_the_wife_just/,1532289145.0,75,0.92,61,CasualUK,BCF13
9104z2,Sussex coast this morning,,https://i.redd.it/ys5ewy9msjb11.jpg,1532286411.0,69,0.93,11,CasualUK,rosseepoo
90zy9a,Perks of living in a seaside town,,https://v.redd.it/pt3wwtt5ojb11,1532284954.0,127,0.99,43,CasualUK,domw117
90zx09,This cat in London shows exactly how I feel.,[deleted],https://i.redd.it/wpevfsxfnjb11.jpg,1532284660.0,245,0.97,11,CasualUK,[deleted]
90zsdz,Cornwall is lush. I went for a run this morning and got this photo of St. Michael‚Äôs Mount.,,https://i.redd.it/dr2tkqvekjb11.jpg,1532283633.0,428,0.97,38,CasualUK,SquashyDisco
90zr6e,"'I don't care if its all dead, just gimme them stripes! '",[deleted],https://i.redd.it/f1s0xsbpjjb11.jpg,1532283391.0,374,0.99,10,CasualUK,[deleted]
90zcoq,Classy do not disturb,,https://i.redd.it/r5e5c5mdajb11.jpg,1532280265.0,172,0.95,19,CasualUK,ajchappers
90z9n9,Standard BMW parking,,https://i.redd.it/h0tsk0hc8jb11.jpg,1532279571.0,732,0.98,74,CasualUK,pyro3366
90ysbl,Had a proper Beano seaside experience today when this bastard nipped me as I picked him up.,,https://i.redd.it/8selkvluwib11.jpg,1532275707.0,61,0.95,27,CasualUK,JEZTURNER
90yisw,Crappy off brands,,https://i.redd.it/8dmn3wvbqib11.jpg,1532273512.0,108,0.96,23,CasualUK,LjCopeland
90yg26,This trolley doing the walk of shame through a park early Sunday morning,,https://i.redd.it/xm79g2uboib11.jpg,1532272840.0,86,0.96,9,CasualUK,almojon
90ycn1,Till we have built Jerusalem,,https://i.redd.it/oxtefxxvlib11.jpg,1532272019.0,74,0.91,15,CasualUK,Ollieca616
90y9zz,Hedgerow food season is upon us. Get your free snacks before someone else does.,,https://imgur.com/GZq4UJS,1532271368.0,142,0.96,32,CasualUK,ASK_IF_IM_PENGUIN
90y1pj,"‚ÄúThe Secret Lake‚Äù, North Wales.",,https://i.redd.it/6velv7mndib11.jpg,1532269254.0,203,0.98,35,CasualUK,Martification
90xghc,Took this in Devon two nights ago,,https://i.redd.it/p1wlbhnyuhb11.jpg,1532262965.0,117,0.93,13,CasualUK,[deleted]
90x57o,I've clearly upset my wife in some way today. There is passive-aggresive cleaning happening,Any idea how I get her to do the car?,https://www.reddit.com/r/CasualUK/comments/90x57o/ive_clearly_upset_my_wife_in_some_way_today_there/,1532258883.0,140,0.95,59,CasualUK,OnceHadHair
90wwgw,This was underneath a Liam Gallagher tweet about an Oasis comeback. They make a good point though Wembley could be a car park at any time,,https://i.redd.it/hprcfepi8hb11.jpg,1532255414.0,248,0.94,18,CasualUK,soun_wave
90wj7e,"Local Facebook Crimewatch page, serving its purpose",,https://i.redd.it/6aismreyrgb11.jpg,1532249849.0,141,0.95,36,CasualUK,Old-Blighty
90wg5k,Weatherspoons are selling potential friendship to supplement how hard the job is and the low wages to recruit new staff,,https://i.redd.it/8usd8sx6ogb11.jpg,1532248585.0,273,0.96,113,CasualUK,samanthavstheworld
90wel0,Found this at the Royal Observatory,[deleted],https://i.redd.it/rcsa8g48mgb11.jpg,1532247917.0,90,0.96,12,CasualUK,[deleted]
90w9zm,You know you‚Äôve failed your master when you‚Äôre sat next to a rubbish bin outside CEX,,https://i.imgur.com/PeDzPS4.jpg,1532246076.0,112,0.95,32,CasualUK,Tobar26th
90w7x2,"Butser Hill, Petersfield, a few days ago. The sun turned vibrant pink shortly after, but I couldn't capture it properly.",,https://i.redd.it/8zy1jeueegb11.jpg,1532245289.0,5607,0.96,171,CasualUK,Sidders1993
90w3q3,Rate my fry-up,,https://i.imgur.com/TeBHpoh.jpg,1532243596.0,81,0.78,106,CasualUK,Rudahn
90vpri,"Is 'sale' in Welsh, really 'bargen'? Really tickled me this morning on my commute",,https://i.redd.it/l9wj0g1ttfb11.jpg,1532238372.0,120,0.97,20,CasualUK,bellamyyyy
90tr89,You just can‚Äôt resist the urge can you?,[deleted],https://i.redd.it/vwk129c85eb11.jpg,1532217991.0,503,0.97,21,CasualUK,[deleted]
90tbbl,"Aye Iceland, was gonna get just a 2L, but with this sweet deal I might as well treat myself to the full 16L",,https://i.redd.it/54mgk77dtdb11.jpg,1532214003.0,204,0.98,8,CasualUK,dangeob
90skrq,It‚Äôs always good when you have a tow company that can‚Äôt actually tow properly. Goodbye porch.,,https://i.redd.it/auwb0365adb11.jpg,1532207535.0,95,0.97,25,CasualUK,[deleted]
90se6v,"Saw this in America, sarcasm has crossed the pond.",,https://i.redd.it/ehkzgqzg5db11.jpg,1532205971.0,106,0.9,5,CasualUK,An_Amazing_Turtle
90r4wr,Today‚Äôs haul from the garden,,https://i.redd.it/tvwcy0tracb11.jpg,1532195644.0,134,0.97,52,CasualUK,FlickGC
90qp0g,Wife bought a new clock today. Would anybody else find the orientation of the numbers mildly annoying?....,,https://i.imgur.com/ktZ4bv5.jpg,1532192086.0,175,0.95,33,CasualUK,9DAN2
90qo9w,Some beautiful poetry by a bloke named Brandon,,https://i.imgur.com/UJJdotl.jpg,1532191909.0,115,0.95,5,CasualUK,theartofrolling
90qkpw,"This happens locally at least twice a month, yesterday was the Krispy Kreme van's turn...",,https://imgur.com/FtHyi4V,1532191108.0,144,0.97,61,CasualUK,me_buttare_via
90qgm8,Found this at The Postal Museum,,https://i.redd.it/aazsrz8dubb11.jpg,1532190148.0,3883,0.99,82,CasualUK,mscroggs
90q7nf,Mr. Brightside but using Google autocomplete,[deleted],https://youtu.be/s-7Yya_nmLs,1532188062.0,130,0.94,15,CasualUK,[deleted]
90q6av,Saw this whilst stuck in traffic,,https://i.redd.it/kctpfxfcnbb11.jpg,1532187760.0,138,0.97,6,CasualUK,RealitysAtombin
90q1hn,Lovely to see that traditional favourites such as paella made the cut in the modest British section of the supermarches de France,,https://i.redd.it/6u0y1k5vjbb11.jpg,1532186627.0,63,0.97,23,CasualUK,Lemurleaffrog
90pz4o,Saw this while eating lunch. Lost my appetite,,https://i.imgur.com/LnlljcL.jpg,1532186071.0,132,0.96,13,CasualUK,nabeshiniii
90ptb2,Why is this carrot asking me for my ID...,,https://i.imgur.com/6RxMTLw.jpg,1532184724.0,620,0.98,25,CasualUK,connor1744
90pmk1,Interesting microclimate found in The New Forest today,,https://i.redd.it/gb7l66399bb11.jpg,1532183026.0,102,0.98,10,CasualUK,shiftynightworker
90pll0,Really cool moth under my desk,,http://imgur.com/yEPjAxK,1532182772.0,54,0.9,33,CasualUK,goldfishpaws
90pb4d,Today i bought the mythical perfect packet of Wine Gums.,,https://imgur.com/a/UAvj2hx,1532179997.0,108,0.93,27,CasualUK,wheepete
90p7o9,This could be anywhere in the UK,,https://i.redd.it/tkxubtm5xab11.jpg,1532178969.0,413,0.97,57,CasualUK,Footitt8
90p2kb,The first 'Now That's What I Call Music',,https://i.redd.it/55kgn1dusab11.jpg,1532177529.0,252,0.99,23,CasualUK,dont_worryaboutit139
90oxyx,"Sometimes the only way of knowing you had a kebab last night, is finding a bottle of Erikli water in your room...",,https://i.redd.it/nh3zxnxmoab11.jpg,1532176087.0,61,0.92,16,CasualUK,Rastafari021
90oszo,The incentive to work a Saturday shift.,,https://i.redd.it/nb4ef24wjab11.jpg,1532174494.0,157,0.95,49,CasualUK,beansinacup
90or09,The Wye Valley from Symonds Yat,,https://i.redd.it/htpjfxpmhab11.jpg,1532173780.0,97,0.97,15,CasualUK,ASK_IF_IM_PENGUIN
90ope4,"This country is spectacular sometimes [West Bay, Dorset]",,https://i.redd.it/3p91sgn0gab11.jpg,1532173214.0,63,0.92,16,CasualUK,mastahhbates
90oo3l,Royal Mail worker took a liking to my package. I now have an empty engagement ring box and it's almost ruining my weekend off work.,,https://imgur.com/pk0MqAd,1532172774.0,436,0.98,78,CasualUK,JesusWho
90oip4,Toblerone to revert to original shape,,https://www.bbc.co.uk/news/uk-44910195,1532170745.0,776,0.99,72,CasualUK,marxjohnson
90og61,Hoarding has gone to far. Just flush it.,,https://imgur.com/Nhuh6Vy.jpg,1532169721.0,62,0.83,7,CasualUK,BottleGoblin
90o7ry,"hit the jackpot abroad lads and lasses, 2.62kg!",,https://i.redd.it/xzzuhw4ov9b11.jpg,1532166355.0,239,0.96,51,CasualUK,thearguablepear
90o326,"Folks, Is there a method of collapsing a clothes horse that doesn't involve the risk of losing a finger?","I'm sure when it was designed, the idea wasn't to inject a little adrenaline into the laundry process, yet unless I kick at the catches from a safe distance I either get caught on the noggin or have to whip my fingers out sharpish.

Have my family failed me in not training me in the correct use? Or am I just not appreciating folding washing for the extreme sport it is?",https://www.reddit.com/r/CasualUK/comments/90o326/folks_is_there_a_method_of_collapsing_a_clothes/,1532164406.0,59,0.98,52,CasualUK,maestrojv
90o0ky,"TIL that the PG in PG Tips stands for Pre-Gestee, from an attempt to market it as a pre-food digestive aid",,https://i.redd.it/d2lhb3wwm9b11.jpg,1532163400.0,147,0.98,16,CasualUK,Udzu
90noa7,Well this isnt going to end badly at all...,,https://i.redd.it/59u5fpz489b11.jpg,1532158435.0,396,0.99,113,CasualUK,Cyrinic
90neym,Holy shit we made it - now that's what i call music 100,,https://i.redd.it/bvp0mndiy8b11.jpg,1532155196.0,18902,0.94,787,CasualUK,[deleted]
90ltqh,The water rule of thumb.,"If your unsure if a tap has mains drinking water or non drinkable tanked water you can use the rule of thumb. If you can stop the flow with your thumb then it's tanked, if the pressure is too great to stop then it's mains and safe to drink. I've used this trick for 25 years and haven't died of typhoid yet.",https://www.reddit.com/r/CasualUK/comments/90ltqh/the_water_rule_of_thumb/,1532138211.0,51,0.94,22,CasualUK,Imaginary_Disk
90jupa,The most English sandwich to grace the office menu.,,https://i.redd.it/hb221zpe56b11.jpg,1532121195.0,234,0.97,73,CasualUK,[deleted]
90jau9,Jamie Oliver will never be forgiven for the removal of Twizzlers. Here he is getting some karma...,,https://i.imgur.com/eJ1gbf9.gifv,1532117217.0,515,0.95,165,CasualUK,nooblordz
90j5p1,LIVID. FUCKING LIVID,,https://i.redd.it/tldgv6niq5b11.jpg,1532116190.0,157,0.96,28,CasualUK,Hey_-_-_Zeus
90iwsw,"This isn‚Äôt just a cock joke, this is an M&amp;S Scottish salmon cock joke. Must‚Äôve been a slow day on the packing line!",,https://i.redd.it/p4sh5dl5l5b11.jpg,1532114381.0,526,0.97,11,CasualUK,LiamSymington
90itiv,Does anyone on Eastenders ever have a conversation that isn't a shouted argument?,It's on in the Chinese takeaway and I can feel my blood pressure rising just from listening passively.,https://www.reddit.com/r/CasualUK/comments/90itiv/does_anyone_on_eastenders_ever_have_a/,1532113734.0,52,0.91,20,CasualUK,SquireBev
90i44k,As our country is usually covered in rain I sometimes forget how beautiful it can be. (Lake District National Park),,https://i.redd.it/5qvkn2pe45b11.jpg,1532108753.0,105,0.97,4,CasualUK,LeagueOfLaziness
90hya4,"I bought British fudge in a British box from the British shop at Heathrow airport, turns out it was made in Dublin. I have never felt so betrayed by a box of sweets.",,https://i.imgur.com/rTt3mlh.jpg,1532107643.0,125,0.97,24,CasualUK,travel_ali
90hi4l,"The heatwave is finally ending! Maidstone, Kent",,https://i.imgur.com/DEsbLwb.jpg,1532104515.0,78,0.92,33,CasualUK,paddickg07
90gzcu,Gov accidentally nicks Scarfolk Council parody poster for newsletter,[deleted],https://imgur.com/0gV8fSU,1532100882.0,63,0.91,2,CasualUK,[deleted]
90gy1v,You know you‚Äôre in London when even the statues are on the take!,,https://i.redd.it/yvvf2fa8g4b11.jpg,1532100623.0,76,0.96,8,CasualUK,UltimateGoblin
90gx94,"Last week I married the most incredible woman, in the most incredible place. All credit to Ideal Imaging by Alistair Jones.",,https://i.redd.it/s5iitus9f4b11.jpg,1532100460.0,234,0.92,33,CasualUK,dorgoth12
90gso2,Final boss in the 'make friends with all the neighbourhood cats' game,,https://i.imgur.com/7VysgS1.jpg,1532099524.0,280,0.97,13,CasualUK,ahrimaniac
90gqk0,Helped the child get some frogs back onto the grass before the chavs started throwing them everywhere :(,,https://i.redd.it/qhurgiopb4b11.jpg,1532099103.0,60,0.89,31,CasualUK,Froobyxcube
90gbkk,When you don't have the right tool for the job but you do your best anyway,,https://v.redd.it/pzsm16a324b11,1532096009.0,88,0.96,5,CasualUK,seaf1sh
90g746,Spotted in my local village (credit to Datchet Eye),,https://i.redd.it/ufqgnvqmz3b11.jpg,1532095036.0,217,0.86,15,CasualUK,bungle_bogs
90fuzr,Murdered by words at a Tesco,,https://i.redd.it/ojhy2rkhr3b11.jpg,1532092297.0,640,0.91,166,CasualUK,butterscotcheggs
90fuug,Just been down the Anderton boat lift. What an amazing experience.,,https://v.redd.it/8f0uudfcr3b11,1532092285.0,59,0.97,11,CasualUK,BrewingBear
90fk3f,Aerial of the London Underground,,https://i.redd.it/521geya3m2b11.jpg,1532089707.0,479,0.98,27,CasualUK,RS-Halo
90fcaw,UK Insurance Scammers üòÇ,,https://gfycat.com/NeglectedDecimalDamselfly,1532087677.0,88,0.91,11,CasualUK,millsytime
90fam3,Found this in Croydon,,https://i.redd.it/vxck2umac3b11.jpg,1532087191.0,218,0.97,25,CasualUK,cuttyranking
90evy1,"i woke up, went to the bathroom, i look out the window and there‚Äôs a police officer with an assault rifle",,https://i.redd.it/8spp4utqz2b11.jpg,1532082969.0,465,0.98,201,CasualUK,radioactiveboi
90ecyj,My new commute is less stressful than being unemployed and packing my wife off to work.,"Before, I was up at 6am to peel the missus out of bed and get stuff sorted so she could head off at 7am to catch the train and a bus to be at work by 8am. 

This morning, I got up 7 minutes before my alarm went off at 7am, had a leisurely time in the bathroom, got dressed, sat down with a cuppa and breakfast, made my lunch, brushed my teeth and rolled out the door just before 8.30am to arrive at work at 8:57, including a gentle stroll along the seafront from the car park at the end of the universe.

God I've missed the UK. 

Apologies to everyone else whose commute is hell.

",https://www.reddit.com/r/CasualUK/comments/90ecyj/my_new_commute_is_less_stressful_than_being/,1532076678.0,48,0.89,31,CasualUK,mattzm
90e6o2,Classic,,https://i.redd.it/p3ddewhha2b11.jpg,1532074473.0,185,0.98,5,CasualUK,thats-super
90e4lz,Pub Quiz! An oldie from the archive now that I am back from my driving Holiday. Answers in comments.,,https://imgur.com/a/6cM87dX,1532073761.0,76,0.96,53,CasualUK,Kerigorrical
90e2gc,"Woke up to what sounded like a helicopter in my room this morning, turns out it was this guy. (Hastings 50p for scale)",,https://i.imgur.com/vGgUTr0.jpg,1532073030.0,89,0.98,28,CasualUK,N3V4N5
90e0gy,Dave Benson Phillips is making his professional wrestling debut in Brighton in two weeks time,,https://i.redd.it/avwazkw142b11.jpg,1532072382.0,51,0.91,19,CasualUK,rhyswynne
90dwii,Ask any brit about a truck company and this comes out.,,https://i.redd.it/58lgpaog02b11.jpg,1532071102.0,103,0.91,40,CasualUK,Monald_rump
90dwg6,"Save a spot for me, will you?",,https://i.imgur.com/WYrm6vo.jpg,1532071083.0,254,0.98,15,CasualUK,AsmodeanUnderscore
90dq62,Happy Friday commute fellow bellends!,,https://youtu.be/cPTcpBJih_A,1532069230.0,84,0.94,14,CasualUK,JPDa1535
90dktf,Did anyone else know that the logo on Lyle's Golden Syrup is an image of a lion carcass being used by bees to make honey?,,https://i.imgur.com/w9tHx6v.jpg,1532067621.0,12330,0.95,662,CasualUK,jshjspr
90b3ad,Some stereotypes are just too true,,https://i.redd.it/kl5zpgmxtza11.jpg,1532044692.0,50,0.93,35,CasualUK,SkatchUK
90a0li,"65 years of Royal Ascot, 65 hats, 1 Queen(GIF)",,https://i.imgur.com/GFwcrRz.gif,1532036252.0,110,0.95,9,CasualUK,ivyplant
909z9u,Thought about you guys,,https://i.redd.it/zhku3iyw1wa11.jpg,1532035987.0,118,0.93,7,CasualUK,agapepaga
9098q7,Look at the bloody size of this!,,https://i.redd.it/6aoc4d2znya11.jpg,1532030611.0,98,0.95,36,CasualUK,idlewildgirl
9092dh,The local Sainsbury's reduced the 400g of strawberries to 10p. I now have 7.2 kilograms of strawberries.,,https://i.redd.it/3vu5fsw5kya11.jpg,1532029301.0,440,0.98,101,CasualUK,[deleted]
907vfc,Went on a walk in Cornwall today. Wasn‚Äôt disappointed!,,https://i.redd.it/g3v3ulktvxa11.jpg,1532021132.0,156,0.98,8,CasualUK,Radegast_
907l1b,"Logan Paul flew 5,500 miles to be told his girl‚Äôs a hoe, his dad‚Äôs a pedo, and then get told to suck his mum before walking away from KSI. Name me a better country than England.",,https://www.reddit.com/r/CasualUK/comments/907l1b/logan_paul_flew_5500_miles_to_be_told_his_girls_a/,1532019234.0,365,0.85,134,CasualUK,iiHeffronDriveii
906tz1,A little twist on a brownies!,,https://i.redd.it/ojd4phoyfwa11.jpg,1532014106.0,507,0.97,55,CasualUK,KrishTheBaker
906i9w,There's a guy in wetherspoons eating mayo from the bottle,,https://v.redd.it/w78pxwwxewa11,1532011890.0,1187,0.97,110,CasualUK,ugoindownsaka1
906hqo,Gridlock on the canal!,,https://i.redd.it/b63m3sox3xa11.jpg,1532011760.0,111,0.98,37,CasualUK,BrewingBear
906d2q,What sort of coach trip are you even on if your driver isn't pulled over and tested positive for cocaine and no insurance...Uber it is then,,https://imgur.com/5DGHmhq,1532010823.0,3841,0.98,208,CasualUK,Mrmyke00
9069v2,"My ""window"" seat. Thanks, CrossCountry.",,https://i.redd.it/nvgzz7l9zwa11.jpg,1532010169.0,214,0.97,27,CasualUK,JohnRCC
9065lp,Self Appointed Motorway Police,[deleted],https://www.youtube.com/watch?v=51epGAms9Jc,1532009304.0,110,0.94,57,CasualUK,[deleted]
90617c,Not sure why the Spaniards think they can call this atrocity ‚ÄòMonster Munch‚Äô,,https://i.redd.it/7ndhwu3ztwa11.jpg,1532008422.0,57,0.97,19,CasualUK,crashtacktom
905o6k,"For a combined total of just ¬£1.90 you can go to Tescos, print out a picture and grab a frame for it too. Pictured is me, about to print off the picture that now sits in the frame.",,https://i.redd.it/v1y0rb85lwa11.jpg,1532005559.0,1366,0.98,56,CasualUK,DatGuyWill
905f1u,Been out of the country for a year and returned to a familiar sight - it's good to be back &lt;3,[deleted],https://i.redd.it/kcow9cn8fwa11.jpg,1532003432.0,421,0.99,36,CasualUK,[deleted]
90585n,Found This Gem In CashConverters,[deleted],https://i.redd.it/8d1zr0e4awa11.jpg,1532001711.0,152,0.96,33,CasualUK,[deleted]
90585c,Pigeons enjoying a sprinkler in the park,,https://i.redd.it/l6iwgcf3awa11.jpg,1532001709.0,57,0.96,12,CasualUK,grace050
9056al,Cleaning out my phone's memory and came across this graffiti,,https://i.redd.it/mktzk0qk8wa11.jpg,1532001223.0,133,0.94,9,CasualUK,[deleted]
9050oz,"After major closure of multiple rail companies, private investors have decided to run bullet trains down major roads. Such as the A303.",,https://i.redd.it/jghn6oqz3wa11.jpg,1531999651.0,93,0.95,10,CasualUK,Thisfuckerishere
904x8z,"Supermarket chain Morrisons has introduced a weekly ""quieter hour"" for autistic shoppers who struggle with music and noise.",,https://www.bbc.com/news/uk-44884183,1531998658.0,216,0.95,95,CasualUK,wrdb2007
904r2t,"Hey guys, I‚Äôll be moving to your lovely country as a student this September. I was wondering if there‚Äôs any tips / advice you have to offer before I move. Thanks!",[deleted],https://www.reddit.com/r/CasualUK/comments/904r2t/hey_guys_ill_be_moving_to_your_lovely_country_as/,1531996900.0,69,0.92,183,CasualUK,[deleted]
904l45,Desperate measures being taken in McColl's,,https://i.redd.it/s425aetdqva11.jpg,1531995073.0,143,0.98,32,CasualUK,ErinRosado
903v0b,She made us bacon on before we started work . Good start to the day,,https://i.redd.it/q8ohx51n1va11.jpg,1531986757.0,468,0.94,152,CasualUK,D1rtymaca1
903trp,Fly tippers eh,,https://i.imgur.com/hzzb8l4.jpg,1531986365.0,65,0.93,14,CasualUK,kumquat_may
903m7k,The internet has ruined me.,,https://i.redd.it/ua8p9xistua11.jpg,1531984130.0,56,0.86,9,CasualUK,reWindTheFrog
903cci,Falling out of a plane today (sky diving) absolutely bricking it. Could do with some support from you guys,"Share your stories, Key moments and tips. I'm doing it in honour of my son i lost due to stillbirth last year, want to make him proud and raise money",https://www.reddit.com/r/CasualUK/comments/903cci/falling_out_of_a_plane_today_sky_diving/,1531981191.0,112,0.92,121,CasualUK,fyrflyeffect
900kfy,Don't mess with Gordon Ramsay,[deleted],https://i.redd.it/othkq6yffv911.png,1531956607.0,623,0.99,30,CasualUK,[deleted]
9007jt,Heatwave forecast for 29th July. It looks like we are all dead then.,,https://i.redd.it/c3712v8vasa11.jpg,1531953744.0,94,0.94,71,CasualUK,fluffsta007
8zzsyg,Just saw this in Tesco. For a quid it's almost tempting to just see how bad it can be.,,https://i.redd.it/z35fcptc2sa11.jpg,1531950716.0,89,0.95,66,CasualUK,timmystwin
8zyuwo,The bees! THE BEES! Saving the bees one scratty wildflower patch at a time!,,https://i.imgur.com/fVjH2FS.jpg,1531943919.0,95,0.98,21,CasualUK,ahrimaniac
8zyik5,"First trip to Cornwall, I think I should move here and get away from the city life",,https://i.redd.it/fhs7bj69bra11.jpg,1531941556.0,77,0.96,30,CasualUK,mas-sive
8zycr9,It's usually under the stairs,,https://i.redd.it/q1m9p2io7ra11.png,1531940462.0,795,0.97,58,CasualUK,areyouafruit
8zy5es,Pretty lenient sentence.,,https://i.redd.it/vt6ddvmr3ra11.png,1531939073.0,361,0.98,13,CasualUK,Biscuitman82
8zy0om,Think he will get the point?,,https://i.redd.it/vl5gx5d81ra11.jpg,1531938186.0,170,0.97,25,CasualUK,Baphomets666
8zxw5q,Was this the best advert ever?,,https://youtu.be/CVS1UfCfxlU,1531937331.0,91,0.95,30,CasualUK,EarlOfBronze
8zxqim,Sunderland (Tyne &amp; Wear) has peaked,,https://i.redd.it/ttqgdnrjvqa11.jpg,1531936275.0,77,0.99,11,CasualUK,bradderley
8zwybi,"From a local facebook group, gutted I've not managed to catch this",,https://i.redd.it/4dencs62gqa11.jpg,1531931065.0,298,0.98,18,CasualUK,Motokosen
8zwxtj,"A wholesome poem written by my Granddad after a day trip to the coast, a couple of years before he passed. Hope it brings a smile!",,https://i.redd.it/eeqxn7lqfqa11.jpg,1531930965.0,94,0.97,11,CasualUK,AintWorthJack
8zwtcz,"""you want a lift mate?"" 'no it's okay I'll get the..'",,https://imgur.com/qFyIs9Q,1531930089.0,567,0.98,21,CasualUK,verybadjuju
8zw3ap,sheffield is more exotic imo,,https://i.redd.it/yusxhs75ypa11.jpg,1531925039.0,19504,0.93,1015,CasualUK,hoecaptions
8zvw1b,"In defiance of the current heat wave, the grass of Worcester College, Oxford, is as green as ever.",,https://i.redd.it/6w9jaldmtpa11.jpg,1531923519.0,60,0.92,15,CasualUK,Bywater_
8zvtwm,Whoever thought it would be a good idea to put a jet engine in hearse and call it 'Dead Quick' needs to be knighted,[deleted],https://i.redd.it/zo6voej0vna11.jpg,1531923081.0,171,0.99,14,CasualUK,[deleted]
8zuxw4,Got to a mate's and realised I'd scored 6 custard doughnuts in a 5 pack!,,https://i.redd.it/i0q1py527pa11.jpg,1531915933.0,309,0.96,67,CasualUK,NachoftheMach
8zux75,Has anybody bought one of these and knows how much they hold?,,https://i.redd.it/xupoueck6pa11.jpg,1531915764.0,151,0.93,19,CasualUK,Swill27
8zuu1c,Looks like the roadworks will take longer than expected,,https://i.redd.it/jhrrxnae3pa11.jpg,1531914998.0,182,0.98,22,CasualUK,bateman_ap
8zuqfm,asked for some scraps and they gave us a whole bag,,https://i.redd.it/mflkfpxd1pa11.jpg,1531914025.0,235,0.97,51,CasualUK,jhn1hn
8zuoy3,Solid advice from /r/CasualUK,,https://i.redd.it/lrutprhxzoa11.png,1531913639.0,754,0.98,27,CasualUK,threequid
8zu7hy,Anyone else bored now that the World Cup is over?,What the hell am I supposed to do now?,https://www.reddit.com/r/CasualUK/comments/8zu7hy/anyone_else_bored_now_that_the_world_cup_is_over/,1531908770.0,74,0.87,63,CasualUK,[deleted]
8zu1vw,"Hello M6, my old friend",,https://i.redd.it/8h8muu6xgoa11.jpg,1531907143.0,171,0.97,25,CasualUK,BrewingBear
8zu1rl,Never a dull moment in mcdonalds,"So I took my 3 kids and one of their friends to McDonald's for tea yesterday. 

My youngest (age 4) is a wheelchair user. All the low tables were being used except a 2 seater one in the corner next to the window (which had 2 other tables beside it) table 3 will be the table I was heading to, table 2 will be the middle 4 seater and table one will be the 2 seater table at the other side.

Table 1 was full, table 2 had a Snot Nosed Granny sat at it with her 2 wonderful grandkids. I told the 3 bigger kids to go sit at one of the high tables and we would sit in the corner. 

So as I was walking past table 1, one of the grandkids had moved a chair that obstructed table 3. I began moving the chair to be able to get my daughter to the table and SNG piped up *pointing to table number 2* ""you can't sit there, I'm reserving those seats!!"" 

I politely replied ""i was actually heading to that table"" then pointed to table number 3 ""I wasn't planning on sitting at the table with you"" 

She paused for a minute, trying to think of what to say after looking like a wanker refusing a space to a kid in a wheelchair. She then said ""eh... well.. I actually meant the CHAIR! You can't use that chair. My daughter needs it! You need to put it back!""

Again, I politely replied ""my daughter is already in a wheelchair and doesn't need the chair, i was moving it out of the way to get her to the table"" and she literally hung her head in shame and shut up.


So rather than teach her grandkids to maybe *help* those in need, she taught them to belittle them and be rude to them. 

In the end, the chair that she so desperately *needed* was never used by her daughter. 


Bonus: at the end of our meal, I stood up to move one of the high chairs that was put in the way, and a teenage boy saw me trying to move it, came over and moved it for me then put it back. I (maybe a *little* bit loudly) said ""thank you so much for helping I really do appreciate that. It's nice to know there are kind people still out there""

",https://www.reddit.com/r/CasualUK/comments/8zu1rl/never_a_dull_moment_in_mcdonalds/,1531907106.0,220,0.96,55,CasualUK,LazySugarCane
8zu0xr,This view in Norwich üòç,,https://i.redd.it/768xh351goa11.jpg,1531906863.0,204,0.96,19,CasualUK,grabadoc
8zu0av,The BBC reporting on Sir Cliff Richards winning his court case against the BBC.,,https://i.redd.it/wxmc13ckfoa11.jpg,1531906684.0,613,0.98,58,CasualUK,comeonboro
8ztw38,This guy is a fucking genius.,,https://v.redd.it/y80chuvatma11,1531905361.0,327,0.94,70,CasualUK,WatchTheFunRise
8zt5k6,"Looking over the hill, Manchester in the distance on the left....",,https://i.redd.it/whk9bx4nmna11.jpg,1531896963.0,135,0.99,20,CasualUK,VauxhallBurgundy
8zt2u1,"Oh, Hastings.",,https://imgur.com/ZEZmtcu,1531896098.0,6939,0.96,261,CasualUK,Oohm
8zt1ka,"So, I just lost my job yesterday.","Yesterday started out like any other day. Got up, got ready, kissed my wife and 18 month old son goodbye and headed out the door. Got to work nice an early as always and set about my work day. Had a few meetings about projects I was working on and designs for them with the MD of the company. All was going fine. 

Then, the MD asked to have a chat and next thing I know I'm led into the FDs office and told that I no longer have a job. 

I'd been there 15 months and they were disappointed with my progress and they didn't feel I was right for the role. No prior warning about this, no inclination they were disappointed in how I was working, no chance to improve. Just see you later, hope you can feed your son in a few weeks without an income. 

I have anxiety and depression and this has just about pushed me over the edge. I have a bit of a choppy CV from the last few years after I lost my job back in 2015 due to the collapse of the company I was working with before and a couple of jobs I took were just too far of a commute to make it a viable position, especially with a little one at home. 

So now I'm just lost. I'm convinced I won't get a job again with my CV and I'm really concerned about what is actually going to happen in the long run. 

[Update] Just thought I would give folks an update if they were interested. I have an interview for a Design Engineers job lined up next Wednesday and I have the appeal meeting at my old place tomorrow. This is mainly to have a proper sit down with them and find out a few things that I will be bringing to ACAS in terms of a claim. I have looked through everything and they seem to be in breach of both my employment contract and their own policies with the way they have dealt with this. So I have a case for wrongful dismissal. ",https://www.reddit.com/r/CasualUK/comments/8zt1ka/so_i_just_lost_my_job_yesterday/,1531895698.0,158,0.93,88,CasualUK,OverdressedShingler
8zskzl,Spotted in Australia...¬£2 for a can of Barr Shandy or Irn Bru,,https://imgur.com/DjwJ0tk,1531890615.0,134,0.97,36,CasualUK,puppy2010
8zq5qa,#lifegoals,,https://i.imgur.com/BTTNEkA.jpg,1531869547.0,221,0.98,14,CasualUK,Doe_Ray_EGON
8zpbpi,We‚Äôve all thought it!,,https://i.redd.it/7795hytytka11.jpg,1531863103.0,117,0.93,4,CasualUK,esoteric-eclection
8zozm2,Asking for a side salad at tgi Fridays.,,https://i.redd.it/ithy9lnwmka11.jpg,1531860729.0,82,0.95,32,CasualUK,Blankdarksoul
8zoz3d,"Missed my parcel, but found God in the process.",,https://i.redd.it/uh1gjk7mmka11.jpg,1531860630.0,292,0.98,27,CasualUK,pheend36
8znru3,Found this random snake in my garden in Birmingham.,[deleted],https://i.redd.it/yyyqi6ilyja11.jpg,1531852566.0,104,0.98,45,CasualUK,[deleted]
8zn4e3,We don‚Äôt start boarding for another 15 minutes. Why do people do this? We all have a seat,[deleted],https://i.imgur.com/PMRPRuP.jpg,1531848315.0,77,0.97,46,CasualUK,[deleted]
8zn102,Dartmoor lets you put up a tent almost anywhere for free,,https://i.redd.it/2rbkwpctjja11.jpg,1531847704.0,201,0.98,54,CasualUK,[deleted]
8zmw57,This sub makes me happy,"Twitter is so negative. I love that this sub is full of random, happy and positive takes on the world, no matter how small. Thanks!",https://www.reddit.com/r/CasualUK/comments/8zmw57/this_sub_makes_me_happy/,1531846809.0,293,0.97,78,CasualUK,mr_completely
8zmord,The party's arrived boys get these down ya,,https://i.redd.it/e7j7pz4cdja11.jpg,1531845400.0,5435,0.96,678,CasualUK,lollybluk
8zmlzu,"Thanks Tesco, but I think I‚Äôll stick with strepsils.",,https://i.redd.it/8simlu5nbja11.jpg,1531844871.0,1317,0.99,34,CasualUK,kosta_kaylee
8zmbrm,Free masons do what?,,https://i.redd.it/2x32uxq26ja11.jpg,1531842959.0,83,0.97,35,CasualUK,FeelMyJars
8zluti,Horrible history‚Äôs was classüëå,,https://i.redd.it/5e9h126dwia11.jpg,1531839700.0,813,0.97,70,CasualUK,darth-revan6969
8zlrm6,"I love receiving packages with interesting stamps. This eBay seller used some Isle of Man stamps older than I am, including a 20¬Ωp one from 1983.",,https://i.imgur.com/QHMnnn6.jpg,1531839044.0,76,0.98,10,CasualUK,benryves
8zliod,Right. That's enough of this weather. We have hornets. Fuck off,,https://i.redd.it/tf4yn7uvoia11.jpg,1531837189.0,143,0.97,22,CasualUK,HarryGoLocky
8zld3z,Of course that‚Äôs a thing.,[deleted],https://i.redd.it/n24jjitjlia11.jpg,1531836064.0,242,0.97,24,CasualUK,[deleted]
8zl5uc,Passed my Open University exam with a better grade than expected üòÅ,,https://i.redd.it/t7ndw9lrgia11.png,1531834446.0,174,0.93,28,CasualUK,bigFatHelga
8zkqh7,Elon Musk is Viz‚Äôs Gilbert Ratchet,,https://i.redd.it/19bl6tg06ia11.jpg,1531830830.0,525,0.95,137,CasualUK,[deleted]
8zkpys,"Never mind doing yoga bro, you wanna be cleaning up that shit you‚Äôve knocked over..",,https://i.redd.it/qsqp9t4n5ia11.jpg,1531830707.0,61,0.95,4,CasualUK,crusherdestroy3r
8zklz4,"Lovely to go away, but also great to come back.",[deleted],https://i.redd.it/er3rtezp2ia11.jpg,1531829727.0,49,0.93,8,CasualUK,[deleted]
8zkear,The best one I‚Äôve seen so far,[deleted],https://i.redd.it/yawmbahqwha11.jpg,1531827725.0,104,0.97,18,CasualUK,[deleted]
8zjs9e,CMV: Love Island could have been amazing,[deleted],https://www.reddit.com/r/CasualUK/comments/8zjs9e/cmv_love_island_could_have_been_amazing/,1531821032.0,70,0.9,72,CasualUK,[deleted]
8zjmzn,"Sometimes catch myself complaining about where I live, but then I stop and look around for a bit... (Babbacombe, Torbay)",,https://i.imgur.com/do0SRpr.jpg,1531819229.0,224,0.98,18,CasualUK,nagerb
8zjmlw,I keep rare/unique coins i get from change.,[deleted],https://i.redd.it/6ck7a0j57ha11.jpg,1531819108.0,135,0.97,42,CasualUK,[deleted]
8zjli4,If you recognise this you automatically qualify for a senior's discount,,https://i.redd.it/ign242nx5ha11.jpg,1531818754.0,58,0.91,45,CasualUK,PM_ME_DRAGON_GIRLS
8zjlez,Jabba,,https://i.redd.it/kyi0hyz06ha11.jpg,1531818729.0,98,0.97,10,CasualUK,Dirty_Gibson
8zjh5l,"Morrisons way of saying ""Enjoy your summer holiday kids""",,https://i.redd.it/r4qp2r3n1ha11.jpg,1531817255.0,141,0.97,19,CasualUK,OliveAndLetDie
8zjf2q,"I will never in my life stop eating potato, but this advert made me come close",,https://i.redd.it/q9lypxrfzga11.jpg,1531816517.0,86,0.98,34,CasualUK,dorgoth12
8zj8pf,Hidden landscapes the heatwave is revealing,,https://www.bbc.com/news/uk-44767497,1531814310.0,126,0.98,16,CasualUK,miraoister
8zj4bd,I wanna give a big shoutout to all those people who phone in sick and no matter the illness or injury put on that croaky voice to try and sell it,"‚ÄúCan‚Äôt make it in today boss cough cough, hurt my ankle taking my grandmother out shopping , COUGH COUGH‚Äù",https://www.reddit.com/r/CasualUK/comments/8zj4bd/i_wanna_give_a_big_shoutout_to_all_those_people/,1531812778.0,174,0.95,103,CasualUK,Kingkunta87
8zitwn,Because my humour hasn‚Äôt developed since my adolescence... classic,,https://i.redd.it/e60ivwaeega11.jpg,1531809438.0,317,0.97,29,CasualUK,roguesimian
8zipiy,"I took this picture on my bus ride, it‚Äôs in Minworth, Birmingham but looks like a field in America.",,https://i.redd.it/rm9qpq19aga11.jpg,1531808079.0,11611,0.93,872,CasualUK,thebigsmoke99
8zeron,The rat from horrible histories.,"We all remember horrible histories, right? Great show, but the rat‚Äôs name always bothered me. Rattus Rattus? I experienced the emotion ‚Äòthat‚Äôs some bullshit‚Äô before I knew those words. I only learned recently that Rattus is a black rat, and the scientific name for them is Rattus Rattus. It feels like my perception of the world has changed. I mean, I‚Äôm probably the only one dumb enough to have not known this, but I had to vent, and this felt like the right place.",https://www.reddit.com/r/CasualUK/comments/8zeron/the_rat_from_horrible_histories/,1531774649.0,53,0.98,16,CasualUK,HereForSoftwareGore
8zegle,"I got married yesterday. Best day of my life, so far. Words cannot describe the happiness I felt marrying my best friend.",,https://i.imgur.com/9mU7Hao.jpg,1531772588.0,306,0.76,110,CasualUK,jshjspr
8zdvsn,Thanks Primark for this excellent combo!,,https://i.redd.it/2hcaj8mi1da11.jpg,1531768784.0,129,0.97,13,CasualUK,thaiboxer2018
8zdnvg,Space Wallace. Seen in Bristol. Part of the Gromit Unleashed 2 art trail.,,https://i.redd.it/ps51lkjywca11.jpg,1531767342.0,130,0.97,11,CasualUK,itstartswithani
8zd19r,*Tips fedora*,,http://imgur.com/gallery/ZuxgZOg,1531763180.0,176,0.96,13,CasualUK,TachankaTheGod
8zcv9q,"On the subject of cool 50p's, look what I got in my change the other day!",,https://i.imgur.com/DffzZKt.jpg,1531762099.0,64,0.94,14,CasualUK,SmashingTeaCups
8zcsp4,Did anyone else use the slits in Tazos to build things? When I told my cousin he looked at me like I‚Äôd just put the milk in first.,,https://i.redd.it/1psf3xn8gca11.jpg,1531761630.0,63,0.94,26,CasualUK,[deleted]
8zcl73,Every goddamn time,,https://i.redd.it/91prbwz3cca11.jpg,1531760240.0,852,0.97,83,CasualUK,Shaboingus
8zc1gb,My home for the next week,,https://i.redd.it/aqo4uzix0ca11.jpg,1531756482.0,277,0.98,70,CasualUK,BrewingBear
8zbuy5,My local garage is simply taking the piss with their pricing now,,https://imgur.com/aTHFAMe,1531755174.0,64,0.93,15,CasualUK,Jaystar85
8zbt1z,I don't know much about static caravans but surely you wouldn't feel safe staying there?,,https://i.redd.it/gvhdemnuvba11.jpg,1531754780.0,139,0.99,37,CasualUK,JonnyHowson
8zazqx,"Check out this artist's depiction of how a surrogate baby is given to the new parents, from a BBC article",[deleted],https://i.imgur.com/xwPdRwl.jpg,1531748439.0,88,0.97,13,CasualUK,[deleted]
8za9ib,This guy is living out our dreams in Porstmouth,,https://i.redd.it/rng8bqoltaa11.jpg,1531741909.0,671,0.99,67,CasualUK,Daveytay
8za1v2,Amazon Prime day has given us the cheapest Amazon Echo i've ever seen! Just XX Quid!,,https://i.redd.it/femccknvmaa11.png,1531739693.0,179,0.98,36,CasualUK,Snowdozen
8z9rgp,Thought a guy on the bus was staring me down. Blind. He was blind.,On the bright side he most likely doesn't know I started staring back at him.,https://www.reddit.com/r/CasualUK/comments/8z9rgp/thought_a_guy_on_the_bus_was_staring_me_down/,1531736468.0,139,0.99,14,CasualUK,lemon_lad98
8z9r4w,An ancient inscription from a lost civilisation,,https://i.redd.it/sdwfbss3daa11.jpg,1531736363.0,87,0.98,21,CasualUK,Alpacamaka2
8z9e8w,It seems Sideshow Bob has gone into the haulage industry...,,https://i.redd.it/c16ob4yg0aa11.jpg,1531732112.0,19074,0.92,219,CasualUK,RobloxPornAccount
8z9dmq,The most majestic sight in the UK.,,https://i.redd.it/17zecbkoz9a11.jpg,1531731901.0,77,0.95,19,CasualUK,unkleskev
8z8xp0,A glorious sunday. 50 monster chicken wings smoked then grilled off.,,https://i.redd.it/acnp01czi9a11.jpg,1531726298.0,116,0.95,31,CasualUK,kopsy
8z8woc,This rail enforcement office is armed and has a license to...hydrate,,https://i.imgur.com/DqEYEAK.jpg,1531725935.0,286,0.97,34,CasualUK,ElementalElement
8z8wck,Directions in Yorkshire be like...,,https://i.redd.it/mr4hk9qrh9a11.jpg,1531725825.0,1179,0.98,96,CasualUK,lemsipmax1
8z8nj7,Scotland to host first UK spaceport,[deleted],https://www.bbc.co.uk/news/science-environment-44841123,1531722953.0,57,0.93,27,CasualUK,[deleted]
8z8m3d,Parking at my local Sainsbury's. Nothing behind that car and the handbrake is on! It seems this was 100% the intention here.,[deleted],https://i.redd.it/trwyixbr79a11.jpg,1531722456.0,103,0.98,33,CasualUK,[deleted]
8z8m26,Southgate Tube to be renamed after England manager,[deleted],https://news.sky.com/story/southgate-tube-to-be-renamed-after-england-manager-11438452,1531722444.0,56,0.93,5,CasualUK,[deleted]
8z74lj,Tea... the superior bev,,https://i.redd.it/e9oao96ny7a11.jpg,1531707285.0,90,0.96,19,CasualUK,PinkLemienade
8z5ly4,Phillip Schofield is just such a treasure,,https://i.redd.it/9to69zr4u6a11.jpg,1531693659.0,70,0.86,24,CasualUK,Offizer_wachteauf
8z55ql,Seems legit,,https://i.imgur.com/fmUUchC.jpg,1531689853.0,71,0.98,15,CasualUK,9DAN2
8z54ua,Sound Advice,,https://i.redd.it/9nee5cb6i6a11.jpg,1531689641.0,129,0.97,13,CasualUK,heycallumj
8z4lvs,"Shockingly underrated, true classic, martyr of taste buds",,https://i.redd.it/q6lp1t9j56a11.jpg,1531685389.0,68,0.91,22,CasualUK,Anicienus
8z4ib9,Icelandic Exonyms for places on the British Isles,,https://i.imgur.com/32uVEWv.png,1531684618.0,62,0.91,23,CasualUK,vicorator
8z4gfi,I‚Äôve picked the worst possible time to go on holiday to France :(,,https://i.redd.it/c0ho2iwz16a11.jpg,1531684201.0,65,0.91,18,CasualUK,Avians_11
8z4f3r,M6 traffic? Not a problem!,,https://i.redd.it/cmtvpdn516a11.jpg,1531683918.0,3785,0.98,197,CasualUK,Nathan_OW
8z46tv,"Went to a 4D HD scan today to see my unborn sun, incredible technology now. Today was a good day.",,https://i.redd.it/a4mfmm1wv5a11.jpg,1531682145.0,67,0.8,85,CasualUK,millsytime
8z3yhh,Girlfriend grew this massive courgette at our allotment. In awe at the size of this lad.,,https://i.redd.it/pzjw7knkq5a11.jpg,1531680356.0,106,0.92,47,CasualUK,JWalter89
8z3p7h,Meanwhile in Swansea...,,https://i.redd.it/m0mixaapk5a11.jpg,1531678382.0,165,0.96,28,CasualUK,plazex
8z3nj7,I don‚Äôt want this weather to end :(,[deleted],https://i.imgur.com/jPQvG7L.jpg,1531678030.0,143,0.91,54,CasualUK,[deleted]
8z3nhk,Had a nice time at a steam and country fair today.,,https://i.redd.it/sn3ea21lj5a11.jpg,1531678021.0,60,0.93,12,CasualUK,16stratus
8z3lev,Just said something bad and I need people to know. Cringe warning.,"So I just announced, loudly on speakerphone, how we all used to think my new mother in law was a ""nob"" but that she's ""alright now"". Her kids heard. My wife and her siblings heard. I forgot I was on speaker and just spoke how I normally do and now this has happened. 

Please tell me your cringe stories to distract me from dealing with this like an adult. ",https://www.reddit.com/r/CasualUK/comments/8z3lev/just_said_something_bad_and_i_need_people_to_know/,1531677595.0,71,0.91,36,CasualUK,22Nathski
8z3dia,A review of a shitty meal,"Whilst recently doing some shopping, I came across a meal that even by my standards, appeared shitty. 

I didn‚Äôt even know [Kebab meat and cheesy chips](https://i.imgur.com/uyrfX7I.jpg) was something you could buy in ready meal form.  

I was Intrigued and for only ¬£1, felt I needed to try it. 

There are three different types of meat in the ingredients, 5% being lamb. I don‚Äôt usually buy lamb so it‚Äôs a nice treat to have some. 

Cooking instructions were simple, cook for 15 minutes in the oven, add the cheese and bake for a further 10 minutes. 

The cheese was still mainly frozen which meant I had to warm it up in my hands to be able to sprinkle it, which was a mild inconvenience. 

After cooking, I was surprised on how little grease was left from cooking, even after eating, little grease was left. 

[The finished meal](https://i.imgur.com/VXsuh8j.jpg)looked rather depressing. 

The cheese was all clumped up, could have probably benefited from adding some more of my own. 

The chips were mainly all hard, typical cheap oven chips texture with a slight potato taste. 

The ‚Äòmeat‚Äô was nearly all dry and developed a cardboard like texture. After getting over the texture, the taste was actually pretty ok. 

To sum it up, I‚Äôd say it would probably be best eaten after a night of heavy drinking, but the alternative of going to a take away for kebab outweighs the effort of cooking it. 

Overall, I‚Äôd give it a **4/10**",https://www.reddit.com/r/CasualUK/comments/8z3dia/a_review_of_a_shitty_meal/,1531675981.0,165,0.98,42,CasualUK,9DAN2
8z3cgd,A Casual UK Formal Announcement. Now Pay Attention !,"At CasualUK we pride ourselves on our 'Give Money to Charity' threads that we run each quarter. In modern life it's often fashionable to poo-poo the idea of altruism and donating to a worthy cause. Indeed, many cynics reject the idea of regularly donating a not inconsiderable amount of money every single month.

However, it *does* produce results. And as proof the Mod Team would like to announce that the hard work and hard cash of two regular contributors has paid off and we have invited them to join the ~~Gravy Train~~, erm I mean, Moderator Team.

So please welcome you new Overlords and step forward : /u/little-feet and /u/meteoritee who have accepted our invitation. They've both helped out a lot recently and their brown nosing has worked.

",https://www.reddit.com/r/CasualUK/comments/8z3cgd/a_casual_uk_formal_announcement_now_pay_attention/,1531675777.0,100,0.91,38,CasualUK,HPB
8z2r9y,Can‚Äôt argue with this solicitor‚Äôs name...,,https://i.imgur.com/IeHj5Ot.jpg,1531670956.0,955,0.98,26,CasualUK,loudribs
8z228g,Welcome to Mia....Newcastle Upon Tyne,,https://i.redd.it/igk14uv6g4a11.jpg,1531664766.0,84,0.94,28,CasualUK,lacinyc
8z224m,They really know how to draw attention to their content...,,https://i.redd.it/7amytsl4g4a11.jpg,1531664735.0,51,0.91,4,CasualUK,bluechu02
8z1ftt,Not sure about this product naming?,,https://i.redd.it/uou31np8x3a11.jpg,1531658385.0,71,0.9,6,CasualUK,ohrbell
8z1d8x,On Thursday I asked you what colour your wheelie bin is. Here are the results.,,https://i.imgur.com/Ywu4xyc.jpg,1531657519.0,254,0.97,81,CasualUK,anagoge
8z19lo,PC World don't understand how shops work,"Unless I'm confused, you go into a shop, pick something off a shelf, take it to a nice person and you hand over your money.

In PC World, you go to a shop, see empty boxes, ask a nice person, get told to queue at a customer service desk, give up because you have better things to do on a sunday, get in your car and buy an icecream, while ordering the \*same fucking thing from amazon for the same price\*.

If anyone from customer service or whatever it is, is reading this. If your turnover is dropping, this is why. Shops are for convenience, it isn't convenient to wait half an hour because you have one poor nice person on the CS desk.

On the plus side I haven't had a 99 for ages and it was fucking delicious, but I spilled some on my shirt and now it looks like a bird shit on me.",https://www.reddit.com/r/CasualUK/comments/8z19lo/pc_world_dont_understand_how_shops_work/,1531656330.0,862,0.98,263,CasualUK,crefakis
8z187u,When your mate Lea isn't sure if he wants to come for a pint,,https://i.imgur.com/dxzrpIM.jpg,1531655885.0,384,0.97,6,CasualUK,alexbaldwinftw
8z1405,It‚Äôs a travesty that this classic has not been turned into a film yet!,,https://i.redd.it/1uzqxurcl3a11.jpg,1531654387.0,591,0.97,32,CasualUK,DontPokeMe91
8z0yt7,I know who I'm using to install my aerial,,https://i.redd.it/j1wtynlnf3a11.jpg,1531652470.0,172,0.94,6,CasualUK,JordonLeedell
8z0wus,Pizza Hut have officially given up,,https://i.imgur.com/Fls9mOO.jpg,1531651706.0,495,0.98,63,CasualUK,Dheselwood
8z0wd7,This van's branding,,https://i.redd.it/jluuh3xhc3a11.jpg,1531651521.0,90,0.95,2,CasualUK,noodlesandwich123
8z0vz0,"That‚Äôs super early, most places don‚Äôt open till at least ¬£9",[deleted],https://i.redd.it/mi45y8kcc3a11.jpg,1531651361.0,1238,0.98,28,CasualUK,[deleted]
8z0tpi,"You've just won ¬£160,000,000 on the Euros, what do you do?",,https://www.reddit.com/r/CasualUK/comments/8z0tpi/youve_just_won_160000000_on_the_euros_what_do_you/,1531650492.0,64,0.93,172,CasualUK,[deleted]
8z0osr,"Gonna go buy a lottery ticket, lads. My Jaffa Cakes mini came with one extra today",,https://i.redd.it/h0xm49r243a11.jpg,1531648616.0,1014,0.98,30,CasualUK,pyro-ro
8z0hx4,Bournemouth like something down the Algarve this weekend,,https://i.imgur.com/S0ziDZc.jpg,1531645897.0,183,0.99,44,CasualUK,monkeyboyhero
8z0gsl,"There was a recent Reddit discussion about the best worst t-shirt. This was one of the suggestions, a necessary purchase me thinks!",,https://imgur.com/EWzgJ4X,1531645449.0,186,0.97,37,CasualUK,[deleted]
8yzzql,RAF 1 Baguette Air 0,,https://imgur.com/ws6SBBo,1531638517.0,1916,0.97,62,CasualUK,tiorzol
8yy94f,Seriously brilliant second hand shop name,,https://i.redd.it/dxkm6ymgn0a11.jpg,1531618777.0,54,0.98,2,CasualUK,cloudexplosion1
8yxrdk,I feel this point has been lost on much of the internet recently,,https://i.redd.it/c28cyee390a11.jpg,1531613943.0,5790,0.93,418,CasualUK,JohnBfromDorset
8yxltb,"Slicing fruits and vegetables, then suddenly, a wild UK appears",,https://i.redd.it/jmbz82vx40a11.jpg,1531612547.0,127,0.9,14,CasualUK,billysutts
8ywhl6,Turns out W.H.smiths gives out gold badges.,,https://i.redd.it/cfu6c1w5bz911.jpg,1531602610.0,723,0.98,71,CasualUK,salty-sigmar
8ywfhz,"My five year old came down stairs today, chuffed to bits that she'd painted her face with toothpaste. Later, when I took her upstairs to read her a bedtime story, I found this on my pillow...",,https://i.redd.it/4njfgilv9z911.jpg,1531602100.0,83,0.92,17,CasualUK,Y-Bob
8ywbai,Favourite bathroom sign so far,,https://i.redd.it/o9qc0o5u6z911.jpg,1531601077.0,61,0.82,7,CasualUK,bathroommatt
8yw6na,"Today's sunset at Bolehill Park, Sheffield",,https://i.redd.it/nd0po6pn3z911.jpg,1531600011.0,54,0.95,5,CasualUK,Hyphenater
8yvxew,Views were great in the chew valley today,,https://imgur.com/ciuYJIc,1531597873.0,57,0.94,10,CasualUK,Sockman360
8yvwi6,Turns out flies have a better sex life than me,,https://i.redd.it/v3ipzx8bwy911.png,1531597660.0,719,0.98,22,CasualUK,isislavinia
8yvjv6,The Welsh shouldn't be allowed to come up with URLs.,,https://i.imgur.com/EfPsScu.jpg,1531594690.0,1713,0.97,88,CasualUK,HonoraryMancunian
8yvg71,"Frog Bin spotted in Lickey Hills, Worcestershire",,https://i.redd.it/6m0r60lbly911.jpg,1531593842.0,208,0.98,21,CasualUK,peacenfunk
8yv6iq,One of the most British things you'll ever see,,https://i.imgur.com/R6bLliY.mp4,1531591645.0,121,0.81,9,CasualUK,The_Growl
8yudzv,McDonald‚Äôs think a half filled wrap is acceptable,,https://i.redd.it/xtscq8scvx911.jpg,1531585130.0,45,0.84,37,CasualUK,[deleted]
8yub84,COWS!,[deleted],https://gfycat.com/DimpledShrillCanadagoose,1531584500.0,149,0.94,23,CasualUK,[deleted]
8ytmqt,Found a nice looking moth in my garden yesterday too,,https://i.imgur.com/dqfPenU.jpg,1531578517.0,65,0.97,8,CasualUK,jderm1
8ytkzy,No luck catching them killers then?,,https://i.redd.it/8sx12ubdax911.jpg,1531578051.0,551,0.97,47,CasualUK,RobloxPornAccount
8yt7t3,BBC Four: turning your stoner conversations from university into television programmes,,https://i.imgur.com/TQrrgTK.jpg,1531574499.0,440,0.97,36,CasualUK,Hassaan18
8yt5fc,Protecting the last of the green grass in the UK,,https://i.redd.it/4pqp4qvmxw911.jpg,1531573815.0,3461,0.99,103,CasualUK,Fishman101
8yt452,Shout out to this cloud blocking the sun,,https://i.redd.it/7ikgrpvmww911.jpg,1531573464.0,179,0.96,15,CasualUK,iathistaken
8yt2mo,Pleased with my new Passport...,,https://i.redd.it/ad12jlns35811.jpg,1531573018.0,107,0.94,21,CasualUK,j1sy
8yswub,Getting ready for the weekend with a few pints lads,,https://i.redd.it/jzpzbbeupw911.jpg,1531571166.0,291,0.97,51,CasualUK,EdwardTennant
8ysq0l,"For those that saw the post yesterday, they spend all morning pumping water and it was a lot deeper than it looked!",,https://i.redd.it/gvrs6eh1jw911.jpg,1531568863.0,89,0.95,9,CasualUK,millsytime
8ysht2,Every time you see someone who refuses to pay for hold luggage,,https://i.imgur.com/IuzunGe.gifv,1531565798.0,119,0.95,21,CasualUK,nicbrit93
8ysf45,So I was just assaulted,"I was waiting for a bus in a my town at the bus station. Browsing Reddit, looking around, typical stuff. I heard muttering from someone stood too close behind me to my right. Stuff like: ""spending time looking at that thing..."" ""Don't look around at people..."" And so on. 
  
After about 5 minutes of this I was getting a bit distracted and frustrated by this guy talking in my ear. I turned around to see who was doing my nut in and there was a guy there, easily 30 years older than me, a foot shorter and 4 stone lighter. Standard old man #6. 
  
He vocalized something like a shriek and swung at me with his right arm and smacked me on the side. He then stumbled/flounced away into the bus station information room/waiting area. (No damage was done).
  
Worrying for this guy's welfare I called 101 and eventually gave them his description and described what happened. I would hate for him to hurt himself or someone else and not log it with someone. I would assume he was high or mentally ill or something considering he assaulted a stranger who was twice his size in public.
  
I just had to share. Hope this post doesn't break any rules.",https://www.reddit.com/r/CasualUK/comments/8ysf45/so_i_was_just_assaulted/,1531564740.0,146,0.9,29,CasualUK,the_sun_flew_away
8yse8n,"Estate agents can burn in hell, we spent 12 hours cleaning before we left. The place was a cowboy job top to bottom when we moved in.",,https://i.redd.it/9pqrvl2t5w911.jpg,1531564410.0,239,0.96,75,CasualUK,onefrommany19
8ys9ze,The ingenuity of the M6.,,https://i.redd.it/tgrwqliz0w911.jpg,1531562789.0,68,0.94,29,CasualUK,ongobay
8ys7y7,"Watch out for these on your travels, they look just like the normal cans but they don't fucking taste like it",,https://imgur.com/kwL7PKa,1531562024.0,342,0.97,47,CasualUK,ye_ma
8ys6x2,It's probably time I updated my SatNav. It still works fine though. Just last week it took me to Londinium and back no problem.,,https://i.imgur.com/NhcyeJ8.jpg,1531561612.0,697,0.98,40,CasualUK,panicky_in_the_uk
8ys4tk,The Inevitable,[deleted],https://i.redd.it/78iqhit0vv911.jpg,1531560788.0,71,0.96,1,CasualUK,[deleted]
8ys3jz,Basket Only,,https://imgur.com/xg5EgKX.jpg,1531560256.0,76,0.92,26,CasualUK,SemiLOOSE
8ys25t,Only in the UK can you go for a short drive and visit 11th century castle ruins,[deleted],https://i.redd.it/9v5xu2nsrv911.jpg,1531559704.0,78,0.82,27,CasualUK,[deleted]
8yru8f,Some deep graffiti I found on a cycle ride,,https://imgur.com/mQu8hUb,1531556520.0,1336,0.97,66,CasualUK,ASK_IF_IM_PENGUIN
8yrrbk,Looks like a nice day for an airshow.,,https://i.redd.it/vcsmtu71fv911.jpg,1531555408.0,65,0.97,25,CasualUK,[deleted]
8yr5cx,Boaty McBoatface set for the 'big splash' today,"This enormous ship is likely (weather permitting) to hit the water for the first time today.

Boaty McBoatface is currently going by the nickname Sir David Attenborough, after the brother of the chap in Jurassic Park. He is a world famous naturist or something.",https://www.reddit.com/r/CasualUK/comments/8yr5cx/boaty_mcboatface_set_for_the_big_splash_today/,1531547487.0,88,0.94,15,CasualUK,BrightPlastic
8yq0zl,"(bit late on posting this) my whole family is from England but me and my mom live in the US and she has done this every single 4th of July since she moved (we work at the same hospital hence ""8E"")",,https://i.redd.it/8ufywgy8st911.jpg,1531535637.0,87,0.97,14,CasualUK,zetsv
8ypjo9,I can‚Äôt sleep...and I remembered something that happened the other day and thought you‚Äôd get a laugh out of it,"I was on a virgin train form Euston, and it was packed, first class was full to the brim. I was in the vestibule part sitting outside the toilet with a lady who‚Äôd paid for first class but couldn‚Äôt get a seat. 

Turns out there was a spare seat next to a woman but she had her tiny dog sitting on the spare seat (in first class) so the woman next to me complained to train guard. 

I then watched as the dog woman paid ¬£280 odd for the spare seat so her dog could use it. 

I was and still am fucking gobsmacked. ",https://www.reddit.com/r/CasualUK/comments/8ypjo9/i_cant_sleepand_i_remembered_something_that/,1531530876.0,69,0.99,24,CasualUK,millsytime
8yosm6,Up a big hill in the Lake District. View was worth the hike,,https://i.imgur.com/3UDmD9Q.jpg,1531524102.0,114,0.97,23,CasualUK,HagridsLeftTesticle
8yoe7s,#britishthings,,https://i.redd.it/9v4uherwjs911.jpg,1531520730.0,98,0.94,14,CasualUK,PlantsPeoplePlaces
8yo9zt,Well done Britain (taken up north somewhere in the Lake District),,https://i.redd.it/pibbemf2hs911.jpg,1531519788.0,90,0.96,9,CasualUK,JfnS
8ynwyg,[X-post from r/Simulated] Actual footage from inside a Royal Mail sorting facility,,https://gfycat.com/TerrificShadowyIceblueredtopzebra,1531516937.0,151,0.95,12,CasualUK,12345xgob
8ynvzw,It‚Äôs raining so much in London that the tube flooded.,,https://i.redd.it/ubbxmr428s911.jpg,1531516743.0,213,0.97,56,CasualUK,millsytime
8ynoia,"Bus drove past me as I was flagging the driver. Random guy in his car pulls up ""I fucking hate when bus drivers do that, do you want a lift?"" Thank you very much kind sir.",,https://www.reddit.com/r/CasualUK/comments/8ynoia/bus_drove_past_me_as_i_was_flagging_the_driver/,1531515163.0,684,0.99,56,CasualUK,Cunt_Puffin
8ynhwq,Just having a beer with my mate,[deleted],https://v.redd.it/dyj92yaczr911,1531513836.0,474,0.97,14,CasualUK,[deleted]
8ynf1s,Thanks for the warning.,,https://i.redd.it/tksvdeykxr911.jpg,1531513217.0,63,0.97,8,CasualUK,IAMBiSH
8yn4iv,Shoutout to the dude who returned my purse with everything inside,[deleted],https://www.reddit.com/r/CasualUK/comments/8yn4iv/shoutout_to_the_dude_who_returned_my_purse_with/,1531511139.0,72,0.97,11,CasualUK,[deleted]
8ymomz,British Gas outdid themselves with this letter they sent me.,[deleted],https://i.imgur.com/QTEBJUk.jpg,1531507983.0,9157,0.98,185,CasualUK,[deleted]
8ymkli,DVLA website is closed daily at 7pm. Obviously.,,https://i.redd.it/l1cf3rcofr911.jpg,1531507194.0,165,0.97,24,CasualUK,chanchostreet
8ymd81,Everyone watching Wimbledon right now,,https://i.redd.it/b9rugl5lbr911.jpg,1531505819.0,349,0.98,24,CasualUK,SenorButtmunch
8ym49g,Someone at Sainsbury‚Äôs knew exactly what they were doing...,,https://i.redd.it/ttjwhjyf6r911.jpg,1531504091.0,198,0.95,17,CasualUK,Hjb2001
8ylum9,IMPORTANT NEWS. Quality Street will let you pick and mix your own tin.,,https://inews.co.uk/news/consumer/quality-street-john-lewis-pick-mix-tins/,1531502249.0,69,0.95,36,CasualUK,mrsfran
8ylpeq,Two-tone sea in Ramsgate today,,https://i.imgur.com/1QsQTce.jpg,1531501270.0,80,0.98,3,CasualUK,puppet_life
8ylejn,I just completed a game of Solitaire in 47 seconds. I am pathetically proud of myself. I've been neglecting the important things in my life in my effort to achieve this utterly meaningless personal record.,,https://i.redd.it/csx9aswsrq911.jpg,1531499165.0,185,0.97,32,CasualUK,Elveri
8yl7t9,Please remove the snacks...im going to end up the size of a house at his rate!!,,https://i.redd.it/ngeg7630oq911.jpg,1531497889.0,47,0.91,17,CasualUK,BritishOvation
8yl7j1,A handy 2 in 1 gift if the kids birthday lands on Mother‚Äôs Day...,,https://i.redd.it/8q8p88lunq911.jpg,1531497836.0,164,0.97,4,CasualUK,Traffodil
8yk2rg,"I like your optimism, ticket machine...",,https://imgur.com/a/98g41Ss,1531489388.0,140,0.95,8,CasualUK,tachyon534
8yjw8m,"Lidl: Go in for eggs and loo roll, come out with a 2 person kayak.",,https://i.redd.it/mfr05h89up911.jpg,1531487887.0,241,0.98,69,CasualUK,tappedinthehead
8yjsxr,Basil?,,https://i.imgur.com/TlzsOoO.jpg,1531487146.0,124,0.97,31,CasualUK,vaskemaskine
8yjswx,"If your local park once had an air raid shelter, go and have a look where it was now. The dry weather means you can see the shape of underground structures much more clearly.",[deleted],https://www.reddit.com/r/CasualUK/comments/8yjswx/if_your_local_park_once_had_an_air_raid_shelter/,1531487141.0,57,0.93,9,CasualUK,[deleted]
8yjpb7,Best seat in the house,,https://i.redd.it/1f0shbfkpp911.jpg,1531486308.0,78,0.96,6,CasualUK,[deleted]
8yjnyh,"I just found a prisoners ID card in Doncaster from HMP Lincoln, this was the reverse which I found interesting.",[deleted],https://i.redd.it/l971il0lop911.jpg,1531485978.0,88,0.98,51,CasualUK,[deleted]
8yjedv,Nothing better than a refreshing drink from my local Morrisons in Carmarthen,,https://i.redd.it/c2d32n29hp911.jpg,1531483568.0,587,0.99,56,CasualUK,Dydi92
8yja7h,When your outfit is #savermenu,,https://i.redd.it/ybsjq2w4ep911.jpg,1531482464.0,206,0.94,43,CasualUK,miamariajoh
8yj7l1,"Life goal achieved. I ate full English, Scottish, Irish within a few days. The hat trick, the triple, the full isles. English: top right Scottish: bottom right Irish: bottom left See comment below for locations and opinion. mods: kindly request exception to rule 5 ;-)",,https://i.redd.it/w4z2b4vybp911.png,1531481748.0,140,0.94,113,CasualUK,oakmalt
8yj7h2,Will keep them entertained for hours,,https://i.redd.it/ly01anqwbp911.jpg,1531481715.0,50,0.94,6,CasualUK,lookofdisdain
8yizqy,girlfriend found a relic from simpler times beneath her decking,,https://i.redd.it/dwbfrc865p911.jpg,1531479474.0,299,0.97,22,CasualUK,palaceofthebrine
8yiz4h,Morrisons think I can't even lift plastic cups by myself.,[deleted],https://i.redd.it/c9ltefeo4p911.jpg,1531479284.0,137,0.97,9,CasualUK,[deleted]
8yiubr,Moscow police: English fan that went missing in Russia found in a Moscow hotel.,[deleted],https://www.rbc.ru/society/12/07/2018/5b4769289a79471fd9155992,1531477726.0,124,0.99,16,CasualUK,[deleted]
8yir0g,"Battle of Britain ace, 97, dies",,https://www.bbc.co.uk/news/uk-england-norfolk-44811988,1531476665.0,53,0.94,8,CasualUK,Possiblyreef
8yikwo,Morrisons pizza topping strategy,,https://i.redd.it/04j10xdoqo911.jpg,1531474711.0,220,0.9,47,CasualUK,BernardPancake
8yifv6,This absolutely creased me,,https://i.redd.it/3whi4dg1mo911.png,1531473036.0,1092,0.97,143,CasualUK,Cptalexaa
8yibf5,I don't think anybody is going to buy it after 4 years,,https://i.redd.it/9qs2phomho911.jpg,1531471534.0,114,0.96,55,CasualUK,StardustOasis
8yiafd,Front door behind tub,,https://i.redd.it/ep2e0yiago911.jpg,1531471210.0,94,0.95,28,CasualUK,mikexzs
8yi8s1,"Not a bad start to Friday the 13th for me, first time I‚Äôve got one of these, thought they were some kind of urban myth!",,https://i.redd.it/3ojdfbapeo911.jpg,1531470631.0,74,0.94,36,CasualUK,JStatham91
8yi3pc,Water company sent me a text asking me to use less water but haven‚Äôt come to fix the burst main for 2 days...,,https://i.redd.it/omke240p9o911.jpg,1531468870.0,14941,0.96,474,CasualUK,daddyisagamer
8yg18w,Today I heard the insult ‚Äúyou f**king George Michael looking pole stroker‚Äù and I don‚Äôt think my life will ever be the same.,,https://www.reddit.com/r/CasualUK/comments/8yg18w/today_i_heard_the_insult_you_fking_george_michael/,1531448146.0,65,0.95,15,CasualUK,cobbland
8yeh2y,This accurately represents the pub last night too,,https://i.redd.it/jjy7s72ixj911.png,1531435173.0,62,0.96,0,CasualUK,Connorpellatt
8ycxyc,I saved this lil fella today,,https://i.redd.it/jr0luv7qkk911.jpg,1531424152.0,133,0.98,15,CasualUK,gandhipants
8ycpmc,Darling have you seen my Shacket?,[deleted],https://i.redd.it/59kqzudwfk911.jpg,1531422528.0,69,0.96,23,CasualUK,[deleted]
8ycm9l,Still gutted about the game but this made me laugh,,https://i.redd.it/mx52iby1ek911.jpg,1531421900.0,711,0.97,38,CasualUK,[deleted]
8yciy6,Seven years ago I was asked to design a logo for the UK Bariatric Support Group. They didn't choose my design.,,https://i.redd.it/aa61n0g1ck911.jpg,1531421249.0,253,0.98,15,CasualUK,ahrimaniac
8ychdk,Who remembers when the grass was green?,,https://i.imgur.com/iLNKI62.jpg,1531420948.0,350,0.98,39,CasualUK,Teejay82
8yc8sq,"It‚Äôs been an expensive couple of months, but I‚Äôm super proud of myself!",[deleted],https://i.redd.it/unggjeud6k911.jpg,1531419325.0,406,0.92,110,CasualUK,[deleted]
8yb3q3,Did my part to appease the Gods of A'ten-b√≥rogh today.,,https://v.redd.it/hwzrxqtoij911,1531411784.0,112,0.97,8,CasualUK,phillepips
8yaz1x,Spotted in Norwich,,https://i.redd.it/luqw6u2ahj911.jpg,1531410887.0,346,0.97,8,CasualUK,antovski
8yax62,So i just watched this poor American girl eat a Weetabix straight from the packet RIP,,https://youtu.be/FBP638sIImA?t=5m55s,1531410536.0,492,0.96,205,CasualUK,Aaronw94
8yamrx,Thoughts on our Brit food choices?,,https://i.redd.it/j2toziwx8j911.jpg,1531408507.0,228,0.95,341,CasualUK,popeboy
8ya519,"It may be raining in other parts of the UK, but Surrey is still dry as hell",,https://i.redd.it/xs0alr6ezi911.jpg,1531404934.0,384,0.98,49,CasualUK,flyhighsometimes
8y9kmi,"I tried to help a Bee today, it wasn‚Äôt impressed.",[deleted],https://www.reddit.com/r/CasualUK/comments/8y9kmi/i_tried_to_help_a_bee_today_it_wasnt_impressed/,1531400565.0,100,0.96,23,CasualUK,[deleted]
8y98i1,Oh shit. Triffids.,,https://imgur.com/AP59P4h.jpg,1531397667.0,1758,0.98,79,CasualUK,BottleGoblin
8y987o,Got to love The Range. Not sure if they are Asian...,,https://imgur.com/NimLJpj,1531397600.0,101,0.92,19,CasualUK,[deleted]
8y91qz,My 'medium' McDonald's fries today,,https://i.imgur.com/HT95p2U.jpg,1531395944.0,90,0.89,44,CasualUK,YouShouldntSmoke
8y8yvq,Friend told me to meet her at The Swan,[deleted],https://i.redd.it/fwagcb6o6i911.jpg,1531395203.0,145,0.98,32,CasualUK,[deleted]
8y8x6f,My bag of five cookies came with a sixth cookie in it.,,https://i.redd.it/cjat9vbb5i911.jpg,1531394760.0,745,0.96,61,CasualUK,David-Bedlam
8y8hxc,England vs Croatia was watched by 24.4m viewers (82% of the total viewing audience) across the whole match (excluding h/time &amp; ads). It was possibly the most watched football game ever on a single channel.,,https://twitter.com/hassaan97/status/1017350150539358208,1531390785.0,333,0.97,32,CasualUK,Hassaan18
8y8gnl,Now england world cup run has finished. Now focus on nation's league which england will play Croatia again.,,https://i.redd.it/598rzj8hsh911.jpg,1531390431.0,70,0.93,41,CasualUK,LinxEu
8y8d4n,Nice touch from Nottingham Station this morning,,https://i.imgur.com/SJOT9N0.jpg,1531389408.0,55,0.92,8,CasualUK,[deleted]
8y845m,ü¶Åü¶Åü¶Å A nice touch from East Midlands Trains at Nottingham Station,,https://i.redd.it/rd1oiwxigh911.jpg,1531386485.0,6278,0.97,109,CasualUK,PieGeters
8y7hxk,Daily Hangover Thread [12th July 2018],Somebody get me a coffee,https://www.reddit.com/r/CasualUK/comments/8y7hxk/daily_hangover_thread_12th_july_2018/,1531378868.0,51,0.89,119,CasualUK,omgitsdavard
8y76ws,RAIN!!!,,https://i.redd.it/u2r1nidvjg911.jpg,1531375439.0,823,0.97,73,CasualUK,paranoid-darksoul
8y51ue,Brain damage is coming home?,"A couple of weeks ago I noticed that there appears to be a massive ants‚Äô nest under the front of my house. Whilst I‚Äôm not normally one for murdering living creatures, I also don‚Äôt want the front of my house to subside into an enormous sinkhole, so I bought some ant powder insecticide from B&amp;Q - it‚Äôs basically nerve agent for ants.

Earlier today I finally got round to sprinkling this white powder around the entrances the nest, mainly along the sides of the path and step between my front door and the gate onto the street.

So about 20 minutes ago, 1AM, I heard a massive commotion out the front - turning out time at the pub just down the road and obviously a couple of unhappy England supporters worse for wear. We've had a few problems with tagging and puking on the doorstep etc, so when I heard the clink of the gate being opened I thought I better get dressed and go out to see what was going on.

I go out to find two lads, one of whom is inside my gate on all fours snorting a massive line of white powder off my front path. Whilst in his state he probably thinks I‚Äôve sprinkled a kilo of charlie around my house, he‚Äôs actually on my property snorting insecticide off the floor. The guys rapidly cleared off when I came outside, but now I‚Äôm a bit concerned that although this stuff is supposed to be pet friendly, it‚Äôs not intended to be inhaled by humans. If this guy gets brain damage or dies am I going to get sued? This is not a dilemma I ever thought I‚Äôd have to deal with at 1AM on a Thursday night. Anyone had to deal with this before? Any top tips?",https://www.reddit.com/r/CasualUK/comments/8y51ue/brain_damage_is_coming_home/,1531355591.0,110,0.98,32,CasualUK,Torque_Tonight
8y4sq5,Moved to Canada. Made sure to bring the essentials.,,https://i.redd.it/m8e9aqdpqe911.jpg,1531353514.0,72,0.97,16,CasualUK,Princescyther
8y4jzi,"To every Irish, Scottish and Welsh person mocking England on facebook tonight",,https://i.redd.it/82sjac3hke911.jpg,1531351546.0,6535,0.91,295,CasualUK,OBEYMEFIEND
8y37kt,England 1 Croatia 2. Post Match Thread,[deleted],https://www.reddit.com/r/CasualUK/comments/8y37kt/england_1_croatia_2_post_match_thread/,1531341670.0,414,0.92,1288,CasualUK,[deleted]
8y2vo6,"Local woman finds cat, facebook photo caught a fair bit of attention. NSFW",,https://imgur.com/r4FOtUc,1531339290.0,255,0.96,39,CasualUK,MyBoobsAreGold
8y2rsm,The ad campaign maybe a little shaky but they know what the public wants,[deleted],https://i.redd.it/8scippgzhd911.jpg,1531338476.0,97,0.94,5,CasualUK,[deleted]
8y2bv7,Yesterday I saw a pikachu wearing yeezys at the RAF 100 flypast. I love London.,[deleted],https://i.redd.it/oy8y59eh8d911.jpg,1531335278.0,245,0.93,19,CasualUK,[deleted]
8y22lt,"15 minutes before the England game, power goes out.",[deleted],https://www.reddit.com/r/CasualUK/comments/8y22lt/15_minutes_before_the_england_game_power_goes_out/,1531333420.0,64,0.87,13,CasualUK,[deleted]
8y1hms,"in interesting news the RAF and USAF just completed the first ever transatlantic drone flight - Grand Forks, North Dakota over to RAF Fairford near Swindon.",,https://twitter.com/RoyalAirForce/status/1016995019453059074,1531329391.0,57,0.91,14,CasualUK,LeftWingScot
8y1b8o,"This bird in derby couldn‚Äôt handle the heat today! I found him on his back panting like a dog! Gave him some water and off he went, he whistled the tune of footballs coming home as he left. (I made the last bit up)",,https://i.redd.it/2c82893lnc911.jpg,1531328255.0,1236,0.98,56,CasualUK,carlostrades
8y0jrb,"Lads, look at the size of this lemon. That is all.",,https://i.redd.it/xwz8zg6u7c911.jpg,1531322962.0,5052,0.96,224,CasualUK,[deleted]
8xzxta,"Saw these bad boys in the canal in Manchester, what kinda fish are they? ü§îüêü",,https://i.redd.it/ckdzb2ikub911.jpg,1531318532.0,72,0.93,41,CasualUK,sjwright86
8xzwpa,Have you ever seen anything as satisfying as this?,,https://i.redd.it/4ieyagcstb911.jpg,1531318294.0,470,0.97,66,CasualUK,clouddyl
8xzsmq,"Been hiking in Northern Norway, went to see a ww2 plane wreck from Operation Tungsten. Nine British airmen died in the crippling of the German battleship Tirpitz.",,https://imgur.com/TUUI1Hr,1531317501.0,101,0.96,9,CasualUK,Kerigorrical
8xzoi8,Glasgow is running out of Croatia shirts as Scots back England‚Äôs semi-final opponents,,http://www.eveningtimes.co.uk/news/16346825.glasgow-is-running-out-of-croatia-shirts-as-scots-back-englands-semi-final-opponents/,1531316579.0,60,0.83,89,CasualUK,songogo
8xz8by,"Sports day (warning, bit ranty)","I'm at my daughter's (7) sports day this afternoon. It is 50 minutes long for her year. They move round between sections after a few minutes, the sections are skipping, throwing bean bags, pass a football etc

1) 50 minutes is not sports 'day'

2) they have to walk, not run, between sections. Sports day remember

3)one of the sections is 'have a sit down and rest'

4) 6 in each team so they do each activity twice or thrice only

I know I'm old fashioned but if this is is what they are being taught is sports then the future is fubar.",https://www.reddit.com/r/CasualUK/comments/8xz8by/sports_day_warning_bit_ranty/,1531312885.0,77,0.9,62,CasualUK,ClintonLewinsky
8xz59g,Saw this bench along the coast in Bournemouth.,,https://i.redd.it/wj079dsnbb911.jpg,1531312136.0,677,0.98,33,CasualUK,cheesey5102
8xyi2f,Eminem sings the John Barnes Rap in his battle,,https://www.youtube.com/watch?v=qIswPi1UA28,1531305692.0,62,0.96,5,CasualUK,[deleted]
8xyhqk,Please take a min.,"**URGENT: STILL MISSING**
You may have seen our appeal during the week for missing Jordan Corcoran, 27, who was last seen at Weeton Camp on Singleton Road, Weeton at shortly before midnight on Tuesday (July 3rd). He left the camp but has not returned there for work. We are extrememly concerned for his wellbeing as he is still missing.

Jordan is described as white and 5ft 8ins tall. It is not known what clothing he was wearing at the time of his disappearance.

It is thought that he has links to Blackburn, Wigan and Liverpool.

If you have seen him or know where he is, please contact us immediately. Similarly if Jordan himself sees this appeal,  please speak to us or a friend or family member to let us know you are okay.

Anyone with information can contact call us on 101 quoting log 1826 of July 4th. https://imgur.com/4P6vAcL.jpg",https://www.reddit.com/r/CasualUK/comments/8xyhqk/please_take_a_min/,1531305585.0,267,0.94,5,CasualUK,lukey5452
8xyckx,"I saw this in the sky this Sunday, i guess IT'S COMING HOME",,https://i.redd.it/7aqo3vhfna911.jpg,1531303986.0,1187,0.95,48,CasualUK,-RioX
8xyaes,"DPD driver knocked on and asked if I wouldn't mind holding onto ""a wee parcel"" for a neighbour. Hands me this fucker",,https://i.redd.it/fd85fcn9la911.jpg,1531303301.0,474,0.98,77,CasualUK,JohnRCC
8xy5jy,"TIL that In 2008, lawyers for Proctor &amp; Gamble successfully argued that Pringles were not crisps (despite being labelled 'Potato Crisps') on the basis that their potato content was only 42% and their shape ""is not found in nature"".",[deleted],https://www.reddit.com/r/CasualUK/comments/8xy5jy/til_that_in_2008_lawyers_for_proctor_gamble/,1531301727.0,93,0.95,27,CasualUK,[deleted]
8xy4p6,That was fun. Just took a call from one of those accident insurance scammers.,"Her: ""Blah blah blah, road accident not your fault blah blah blah...""   
Me: ""How did you find out about that?""    
Her: ""Road accident somethingorother""  
Me: ""No one was supposed to know! What was the plate number?""  
Her: ""This is just a confirmation call.""  
Me:  ""But, but... No one was supposed to know.  How did you find out? People died! There was so much blood... god, the blood!""

I then hung up.  I really need a better script.",https://www.reddit.com/r/CasualUK/comments/8xy4p6/that_was_fun_just_took_a_call_from_one_of_those/,1531301454.0,120,0.99,58,CasualUK,galorin
8xy2v0,Found on r/MildlyInfuriating. I‚Äôm not sure if this is amazing or horrific,,https://i.redd.it/sqv0y9i1ea911.jpg,1531300827.0,273,0.95,60,CasualUK,Gadget_SC2
8xy0zf,According to Manchester airport Wembley has a capacity of 888 thousand.,[deleted],https://i.redd.it/t24jsmz2ca911.jpg,1531300205.0,261,0.99,16,CasualUK,[deleted]
8xy0eh,When I was a kid my granddad wrote me a letter about his time living in the Tower of London [xpost from /r/London],,https://imgur.com/a/9QDWcQh,1531300006.0,63,0.98,6,CasualUK,tomwilko
8xxq56,"Help, Have you seen my Uncle?",12th July 1700 BST: Confirmed that he is safe :) Thank you for everyone's support and help. I particularity would like to thank u/Simply_Jesus for their help and to the officials who have helped us. ,https://www.reddit.com/r/CasualUK/comments/8xxq56/help_have_you_seen_my_uncle/,1531295899.0,812,0.97,65,CasualUK,missbiscuitblues
8xxq0w,Broke my ankle. NHS offering World Cup specials. Come on England!!!,,https://i.redd.it/s19k5n49z9911.jpg,1531295856.0,3146,0.95,184,CasualUK,Reddnits
8xxogt,Heartbreaking when they reach maturity and you have to kill them,,https://i.redd.it/r9l66k2ox9911.jpg,1531295323.0,136,0.96,10,CasualUK,crefakis
8xxn44,A few minutes ago I was at a station urinal. Guy had his phone out next to me and the flash went off.,I suspect someone somewhere is going to be getting a very disappointing DM.,https://www.reddit.com/r/CasualUK/comments/8xxn44/a_few_minutes_ago_i_was_at_a_station_urinal_guy/,1531294878.0,124,0.99,64,CasualUK,BottleGoblin
8xxctr,England v Croatia Match Thread,"England are playing in the World Cup semi final for the first time since 1990! 

-	**When?** Tonight at 7pm
-	**Where?** Unless your planning on flying out to Moscow it‚Äôll be on ITV 

Please use this thread for all pre-match buildup / it‚Äôs coming home posts / football songs / memes and clips. Other posts will be removed and you will be asked to post here. 

Thanks and keep the fingers crossed for a win! 

**19:00** And we‚Äôre off 

**19:04** Free kick for England 

**19:05** England 1 - 0 Croatia 

**19:08** Corner for Croatia 

**19:11** Corner for England 

**19:19** Croatia take a shot and miss

**19:30** Kane has a good attempt at a goal but no joy

**19:32** Croatia have a shot but it‚Äôs saved by Pickford I 

**19:35** A bit of dirty play from England to get the ball, they take a shot but miss. 

**19:46** Half Time England 1 - 0 Croatia. 

**20:02** And we‚Äôre off in the second half whilst the crowd belt out god save the Queen. 

**20:12** Corner to Croatia 

**20:13** Corner to England

**20:19** Corner for England

**20:22** Croatia take a shot but don‚Äôt get a goal 

**20:25** Goal for Croatia. England 1 - 1 Croatia 

**20:29** Another shot for Croatia but they got the post

**20:40** Shot by Croatia but it‚Äôs saved 


**20:50** Full time. Match goes into Extra Time for a result. 

**21:21** Croatia shoot and get it in. England 1 - 2 Croatia ",https://www.reddit.com/r/CasualUK/comments/8xxctr/england_v_croatia_match_thread/,1531291759.0,403,0.96,5194,CasualUK,GFoxtrot
8xx8rc,Riley our hamster has loved the world cup so far and wanted to predict tonight's semi final England vs Croatia!,,https://v.redd.it/1mb79606j9911,1531290532.0,8585,0.87,221,CasualUK,Lewys-182
8xx1l3,Does anybody else have ‚Äò3 lions‚Äô playing as a constant mental soundtrack at the moment?,... or is it just me?,https://www.reddit.com/r/CasualUK/comments/8xx1l3/does_anybody_else_have_3_lions_playing_as_a/,1531288433.0,679,0.93,187,CasualUK,sweary_artist
8xtntz,(Another) strange coincidence between 2018 World Cup and 1966 World Cup,"Not sure if anyone has already brought attention to this but I've just been looking through the World Cup wikipedias because I'm lonely and sad and I've found an interesting stat.

This year's World Cup semi-finalists: Croatia, England, Belgium and France.

World Cup semi-finalists in the last World Cup 2014: Germany, Netherlands, Brazil and Argentina.

The last time a World Cup had a completely different set of semi-finalists to the last one?

1966.

(England, West Germany, Portugal and Soviet Union in 1966. Brazil, Czechoslovakia, Chile and Yugoslavia in 1962)

The stars aligning boys and girls, it's coming home.

(If this stat has already been found, please direct me to it. I haven't seen it anywhere yet.) 

Edit: shit.",https://www.reddit.com/r/CasualUK/comments/8xtntz/another_strange_coincidence_between_2018_world/,1531259396.0,57,0.91,20,CasualUK,fabienriley
8xthur,I just fucking love Britain,[deleted],https://www.reddit.com/r/CasualUK/comments/8xthur/i_just_fucking_love_britain/,1531258173.0,91,0.85,52,CasualUK,[deleted]
8xtdwx,I desperately hope you beat Croatia tomorrow,"I‚Äôm headed to London on the 13th and won‚Äôt be there til the 14th, a day before the finals. I‚Äôve heard how absolutely **legendary** English football fans are, so I can‚Äôt imagine what kind of experience it would be to be among you lot during the finals of THE WORLD CUP but...this can‚Äôt happen if Croatia wins the semifinals tomorrow. That and no one watches third place playoff because...it‚Äôs third place, and it‚Äôs not the same as first.



There are not many things I would trade to experience the legend that is English football fans in their prime form. I hope the cup comes home to you lovely bastards and I hope I‚Äôm there to experience it with you. 


Cheers, from America 


**EDIT**: I guess it won‚Äôt be coming home :/, still I was glad to watch it with some of you English lads in an Irish pub in Brussels, made the game much more entertaining. ",https://www.reddit.com/r/CasualUK/comments/8xtdwx/i_desperately_hope_you_beat_croatia_tomorrow/,1531257389.0,173,0.92,108,CasualUK,Thelastseeder
8xtdkd,Get yourself someone who looks at you like my dog looks at me. (Excuse dog treat mess),,https://i.redd.it/h2z116qns6911.jpg,1531257318.0,108,0.97,13,CasualUK,millsytime
8xt4jw,Haribo vs UK heatwave 2018,,https://imgur.com/R44Lbpl,1531255532.0,120,0.98,12,CasualUK,Purple_turtleneck
8xsec6,A street in Kettering recently been renamed!,,https://i.redd.it/9cl8b6aa86911.jpg,1531250466.0,816,0.98,36,CasualUK,Szyger
8xrzzt,My house is right under the flight path for Buckingham Palace flypasts. This was the view from my garden!,,https://v.redd.it/0yzvustiz5911,1531247711.0,53,0.94,4,CasualUK,CaptainSampy
8xrngp,This was in r/askreddit,,https://i.redd.it/jd444razs5911.png,1531245317.0,1313,0.99,263,CasualUK,Drag0n_Fruit
8xqhr8,Thought the crowd was for a fight but saw this instead,,https://v.redd.it/9u55swcq75911,1531238241.0,199,1.0,19,CasualUK,BlaseYouth
8xq9mt,Hope they kept the receipt for those new stealth planes - I can still see them!,,https://i.redd.it/jjopf5ft35911.jpg,1531236855.0,425,0.98,35,CasualUK,invasionofcamels
8xpygv,Aldi's Brand new shopping experience - making shopping easier for everyone!,,https://i.redd.it/xikusof0y4911.jpg,1531234952.0,151,0.96,55,CasualUK,[deleted]
8xpquc,The view northeast towards Polruan (Cornwall) during my hike yesterday,[deleted],https://i.redd.it/v3c4cjwyt4911.jpg,1531233586.0,79,0.97,11,CasualUK,[deleted]
8xpkx1,Another prototype aston martin spot? DB11??,,https://i.redd.it/s0uncvtuq4911.jpg,1531232506.0,68,0.96,18,CasualUK,JonnyHowson
8xpc8b,Someone I know broke their curfew on Saturday and accidentally rang their probation officer,,https://i.redd.it/zm9po7k6m4911.jpg,1531230980.0,106,0.95,6,CasualUK,gppdnght
8xpbvd,"Christ, how bad is the economy?",,https://imgur.com/1gtNV7C.jpg,1531230910.0,85,0.94,23,CasualUK,DevilmouseUK
8xpa7y,It had to be done,,https://i.redd.it/69bshso5l4911.jpg,1531230582.0,122,0.9,20,CasualUK,sparaticRyan
8xp54t,All aircraft in RAF100 flypast. I live directly under the flight path on a hill.,,https://imgur.com/gallery/Y0yD7cy,1531229621.0,75,0.97,11,CasualUK,[deleted]
8xozv7,My Work Has Got These England Signs Up But Picked An Awkward Place To Split The Image Giving Everyone a Strange Look,,https://i.redd.it/5z7z8yr4f4911.jpg,1531228560.0,215,0.96,22,CasualUK,soun_wave
8xoyt1,Jizz or Fizz. I can't make up my mind what it says.,,https://i.imgur.com/chY3UX9.jpg,1531228348.0,80,0.96,17,CasualUK,andrewdotlee
8xoyqw,The RAF were really on message today,,https://i.imgur.com/LQqiHKE.jpg,1531228340.0,8882,0.94,246,CasualUK,TopTrumpWANKER
8xom3p,Wrong flag boys,,https://i.redd.it/ebigjgxr64911.jpg,1531225757.0,178,0.94,23,CasualUK,theyau
8xolmu,Typhoon at the RAF 100 flypast from the roof of my office,,https://i.imgur.com/G9gCyZG.jpg,1531225658.0,293,0.99,30,CasualUK,[deleted]
8xnjog,IT BETTER BE COMING HOME,,https://imgur.com/i1d5Ff7,1531216595.0,303,0.9,139,CasualUK,Danm111
8xnacf,Falmouth from the National Maritime Museum yesterday,,https://i.imgur.com/HuDzu4t.jpg,1531214144.0,102,0.96,13,CasualUK,dapperdan8
8xn8nj,This drain cover,,https://i.redd.it/xqd57dmv63911.jpg,1531213699.0,295,0.98,9,CasualUK,i_wantmyusername
8xn8hh,Anyone else coming out to see the flypast?,,https://i.redd.it/88h8gngt63911.jpg,1531213650.0,58,0.87,16,CasualUK,biggles1994
8xmbmp,"Has anybody found a wallet like this? I lost it somewhere around Tynemouth on Saturday - it was handmade for me by my partner and daughter, is totally unique and means a lot to me, I don't care if the contents are missing and will reward its return. Sorry if this post breaks the rules here.",[deleted],https://i.redd.it/xi9oi955d2911.jpg,1531204492.0,11033,0.93,319,CasualUK,[deleted]
8xlokm,Just saw this sandwich in boots and was giggling like a little girl,[deleted],http://imgur.com/a/Px2kn4M,1531198374.0,348,0.93,50,CasualUK,[deleted]
8xjgu4,Worthing phone shop getting into the spirit,,https://i.redd.it/smgcrnhyh0911.jpg,1531187514.0,304,0.98,40,CasualUK,Clydeisntmyrealname
8xh9ks,"Millwall Supporters Club has already raised more than ¬£5,000 for the London Ambulance Service damaged in Borough High Street.",,https://www.bbc.co.uk/news/uk-england-44763415,1531176533.0,145,0.99,13,CasualUK,[deleted]
8xh8g6,"needed to let this out, sorry.",[deleted],https://www.reddit.com/r/CasualUK/comments/8xh8g6/needed_to_let_this_out_sorry/,1531176361.0,65,0.88,49,CasualUK,[deleted]
8xgzvm,I just blessed your feed!,,https://i.redd.it/04uf4z6jnz811.jpg,1531174923.0,96,0.87,3,CasualUK,[deleted]
8xfxnb,Can‚Äôt be more UK or casual. Can it?,,https://i.imgur.com/eKU8sQ1.jpg,1531168601.0,131,0.95,7,CasualUK,I_make_usernames_AMA
8xf6ub,It would take you 103 days to watch every single episode of Eastenders,"And that's 24 hours a day, 7 days a week. Without sleep, food, toilet breaks etc. Etc.

Anyone up for the challenge? To review every single episode of EastEnders?",https://www.reddit.com/r/CasualUK/comments/8xf6ub/it_would_take_you_103_days_to_watch_every_single/,1531164461.0,54,0.92,44,CasualUK,PM_Me_British_Stuff
8xeom0,Not the most pleasant of images to be greeted with when opening the BBC Sport app,,https://i.imgur.com/Eu5EKAF.png,1531161660.0,90,0.98,9,CasualUK,[deleted]
8xejmu,These steps at Colston Hall have the names of the artists who have played there since it opened,,https://i.redd.it/dfemnjtdty811.jpg,1531160864.0,103,0.98,18,CasualUK,feenbank
8xe6wr,My friend left today after a weekend visit - this glorious beast is what she left me.. ü§§,[deleted],https://i.redd.it/6gjod6huny811.jpg,1531158857.0,80,0.94,22,CasualUK,[deleted]
8xdu89,"It‚Äôs gotten so bad, they‚Äôve just put up a sign",,https://i.redd.it/96otbr5ohy811.jpg,1531156823.0,493,0.99,21,CasualUK,CthluluSue
8xcvxs,I had to point out to a bloke in my local that he'd missed a chance to joke.,[deleted],https://www.reddit.com/r/CasualUK/comments/8xcvxs/i_had_to_point_out_to_a_bloke_in_my_local_that/,1531151277.0,52,0.89,12,CasualUK,[deleted]
8xcpa0,A photo of a McDonald's ad in a Football match.,[deleted],https://i.redd.it/47dvwnlzxx811.png,1531150151.0,120,0.93,9,CasualUK,[deleted]
8xcouy,"6 for ¬£1, sounds like lunch",,https://i.redd.it/e0upmjmsxx811.jpg,1531150086.0,89,0.97,28,CasualUK,majestikm0ose
8xcco6,Sue is a legend,[deleted],https://i.redd.it/9vjeikosrx811.jpg,1531148067.0,85,0.94,12,CasualUK,[deleted]
8xc88s,I posted the temperature in my conservatory earlier. Update: it's got stupid now,,https://imgur.com/PBdwSBj.jpg,1531147285.0,145,0.97,36,CasualUK,OnceHadHair
8xbz1l,My friend battles Siri: 'Siri why',,https://i.imgur.com/TLBCdml.png,1531145612.0,89,0.97,1,CasualUK,[deleted]
8xbeg1,"I'm not sure that I have the same definition of ""Live"" as the BBC does...",,https://i.redd.it/rfn1n70b8x811.png,1531141519.0,284,0.98,16,CasualUK,IRedditOnMyPhone
8xb48w,Anyone know what these things in the sky are?,,https://i.redd.it/szhrin4i1x811.jpg,1531139222.0,486,0.98,53,CasualUK,Zombi1146
8xayeu,Day 831 of the heat wave.,"Beer gardens are spilling out into neighbouring yards and garage roofs.

It‚Äôs coming home has replaced hello as a national greeting and Manchester is almost entirely on fire.

No one can stay awake past 3pm, all leather furniture has been banned, and Twister lollies have the strongest exchange rate of any currency.",https://www.reddit.com/r/CasualUK/comments/8xayeu/day_831_of_the_heat_wave/,1531137923.0,1328,0.99,151,CasualUK,inmyshamewell
8xayaw,"I‚Äôm nearly 40, an atheist, and generally not at all superstitious - yet I will still carefully catch (then release) the ‚Äúfairies‚Äù off these if I see them floating about, so I can make a wish",,https://i.redd.it/sy5jt2bjxw811.jpg,1531137894.0,52,0.9,8,CasualUK,Santero
8xaxh2,Feeling a bit lonely.,[deleted],https://www.reddit.com/r/CasualUK/comments/8xaxh2/feeling_a_bit_lonely/,1531137710.0,96,0.98,124,CasualUK,[deleted]
8xaws9,Why is this on my nans mantelpiece?,,https://i.redd.it/5opiq5qiww811.jpg,1531137551.0,138,0.97,50,CasualUK,DeadYen
8xavm0,The effect England making the semi-final has had on YouTube,,https://i.redd.it/x1au2l8jvw811.jpg,1531137274.0,367,0.97,70,CasualUK,Hassaan18
8xapgd,Found outside a church in Soho Square..,,https://i.redd.it/kg6qdawsqw811.jpg,1531135708.0,254,0.97,33,CasualUK,tommyphong96
8xalqq,The distribution of sweets within a liquorice all sorts pack.,,https://i.redd.it/l45ou8s4ow811.jpg,1531134726.0,166,0.97,58,CasualUK,Reived
8xai5s,"Ok, ok ok ok. Time for a sandwich.",,https://i.redd.it/sbtfp2p9lw811.jpg,1531133809.0,64,0.89,54,CasualUK,millsytime
8xah4e,The legend that is Princess Monaco of Kent. This is one of the many reasons I love British comedy.,,https://v.redd.it/1a6eefuaq0z01,1531133521.0,120,0.92,12,CasualUK,Hassaan18
8xafgh,More passive-aggressive notes at work...,,https://i.redd.it/m92s3fw2jw811.jpg,1531133026.0,195,0.98,31,CasualUK,cryptus
8xadec,As a Brit I am deeply offended,,https://i.redd.it/xme2thv2hw811.jpg,1531132398.0,259,0.97,37,CasualUK,thommyjohnst
8xa3qn,1939 to 1945 mate,,https://i.redd.it/f7t8bgx09w811.jpg,1531129653.0,1944,0.98,105,CasualUK,BadgerCourtJudge
8x9y0s,If you wouldn't put your dick in it don't put your finger in it!,,https://i.redd.it/72kub3et3w811.jpg,1531127892.0,132,0.89,28,CasualUK,BandellaProductions
8x9u44,Turned my dumper into a very sketchy crane.,,https://i.redd.it/jlt07j4a0w811.jpg,1531126706.0,54,0.93,21,CasualUK,Aiken_Drumn
8x9pop,Got an electrician due any time between 8 this morning and 1 this afternoon. Need to pick my boy up from nursery at 12. What are the chances he will turn up at exactly 11:46 just after I leave the house?,"Feel free to take bets on a time, Reddit gold for anybody who guesses the exact time -/+ 1 minute. 

Edit: holy shit I was pretty much right! 11:37 and he‚Äôs just arrived. To make things better, I answered the door with literally a full Tunnocks teacake in my gob. ",https://www.reddit.com/r/CasualUK/comments/8x9pop/got_an_electrician_due_any_time_between_8_this/,1531125287.0,80,0.94,33,CasualUK,9DAN2
8x9ll0,Finally found an American version of jaffa cakes!,,https://i.redd.it/uedujq1asv811.jpg,1531124016.0,83,0.91,40,CasualUK,Irishinfernohead
8x9dd9,Anyone else have a trashy weekend?,,https://i.redd.it/15xuyob3lv811.jpg,1531121597.0,102,0.95,25,CasualUK,some_younguy
8x96wh,This seems relevant in the UK right now.,,https://i.redd.it/jw39cfgwfv811.jpg,1531119900.0,153,0.9,8,CasualUK,Bamboo_Steamer
8x95zp,It's 8am and this is the current temperature in my conservatory,,https://imgur.com/wWp2pOQ.jpg,1531119696.0,73,0.9,31,CasualUK,OnceHadHair
8x94ev,Just drove past this building (the Hexagon Tower) tucked away in a suburb of Manchester and did a double take. Anyone else love these 60s/70s buildings?,[deleted],https://i.redd.it/vs46bsycev811.jpg,1531119331.0,164,0.96,68,CasualUK,[deleted]
8x946i,Brought a cake into work this morn and within 50mins someone had had a ‚Äòpiece‚Äô. Who cuts a cake like this!? Savages.,,https://i.redd.it/w2rh7du5ev811.jpg,1531119267.0,301,0.98,57,CasualUK,ThegreatestPj
8x910l,This is how you pull off a heist in the UK,,https://i.redd.it/i8s33nwlbv811.jpg,1531118432.0,85,0.94,29,CasualUK,Garudacrim
8x4vhn,I‚Äôve hit the jackpot,,https://i.redd.it/b9zoefwxjs811.jpg,1531084914.0,405,0.96,68,CasualUK,millsytime
8x4iqy,This guy selling a ¬£1 coin for ¬£100,,https://i.redd.it/dg70l6clbs811.jpg,1531082089.0,108,0.97,34,CasualUK,[deleted]
8x4b4b,Literally ANY time,,https://i.redd.it/emctbkzv6s811.jpg,1531080507.0,66,0.94,12,CasualUK,tgw99
8x49ji,It's finally happening!,,https://i.imgur.com/j6LsLNm.jpg,1531080183.0,51,0.95,15,CasualUK,Lonshef
8x47hb,Deal of the Century,,https://i.redd.it/z1bp9jmh4s811.jpg,1531079738.0,216,0.97,14,CasualUK,BlackShuckChuck
8x3xcs,Three Lions is the most streamed song on Spotify in the UK,,https://i.imgur.com/KLSaDwP.png,1531077500.0,880,0.96,92,CasualUK,yoshmoopy
8x3vc0,Maximum dad level has just been reached..,"So... I‚Äôve turned into my parents, I knew the day would come but it‚Äôs finally happened.

BCF13 snr and BCF13 jnr we‚Äôre playing in the front room while I cooked dinner. It all kicked off and I came in to both of them crying...

And then I did it, I‚Äôm sorry son.... I muttered the ultimate parent line of ‚Äúwhat happened? Tell me the truth.... I won‚Äôt be angry....‚Äù

So, he told me the truth, and I went ballistic.

I feel a line has been crossed today.
",https://www.reddit.com/r/CasualUK/comments/8x3vc0/maximum_dad_level_has_just_been_reached/,1531077062.0,73,0.93,18,CasualUK,BCF13
8x3rtf,British icons: this generic Indian restaurant dessert menu,[deleted],https://i.redd.it/5bpuzrziur811.jpg,1531076344.0,232,0.98,38,CasualUK,[deleted]
8x3f5m,Chris Packham opening a new lab at Lincoln Uni with a tortoise named Charles Darwin,,https://i.imgur.com/Z7s9ax0.gifv,1531073564.0,3064,0.97,95,CasualUK,FroggyWombat
8x3ca2,"After another Redditor mentioned occasionally getting more expensive alcohol than the usual, Iv treated myself and possibly developed an addiction.",,https://i.imgur.com/HQjjKpb.jpg,1531072948.0,79,0.81,97,CasualUK,9DAN2
8x3b9o,Never had this happen in the UK before!,,https://i.redd.it/ej9jh3osjr811.jpg,1531072744.0,438,0.96,31,CasualUK,givemeapropername
8x31n1,Royal Military Academy Sandhurst today,,https://imgur.com/rn6E98P,1531070707.0,50,0.87,4,CasualUK,benbread
8x2x04,"Seriously, 3 in 5 mins, all stuck!",,https://i.redd.it/u4ttan2tar811.jpg,1531069717.0,81,0.94,15,CasualUK,andyhazlewood
8x2oy5,It is so warm my poor cat is melting along with everything else in the house,,https://i.redd.it/dw7hkwdm5r811.jpg,1531067971.0,118,0.96,27,CasualUK,Froobyxcube
8x2hjf,Haven't heard of that method before,,https://i.redd.it/fug8gzoh0r811.jpg,1531066288.0,71,0.95,2,CasualUK,StardustOasis
8x2ffr,Anyone else wishing it would just rain already?,"It's been well over a month since I last saw rain. My garden is slowly turning yellow even though I water it nightly. The sun is blazing on and on with no signs of letting up and there's not even a fucking breeze and tbh I'm not sure how much more I can take.

And for people who will say ""you'll only complain when its cold""
No, I won't. I like the cold because it's easier to stay warm when its cold than it is to stay cool when you feel like your ass is starting to stick to a chair from the buckets of sweat pouring off of you.",https://www.reddit.com/r/CasualUK/comments/8x2ffr/anyone_else_wishing_it_would_just_rain_already/,1531065794.0,993,0.94,332,CasualUK,RoseTheOdd
8x2dhm,Every summer I think there‚Äôs one good day to set up the paddling pool and every summer it never works properly.,[deleted],https://i.redd.it/4lpfongsxq811.jpg,1531065336.0,59,0.92,6,CasualUK,[deleted]
8x2bi1,Found this relic from Safeway under the kitchen cupboards,,https://i.redd.it/kbqos3mcwq811.jpg,1531064847.0,61,0.94,13,CasualUK,Warshawski
8x25ho,I think it might me hot in my house,,https://imgur.com/Lm55nvO.jpg,1531063432.0,427,0.97,15,CasualUK,OnceHadHair
8x1qa6,Slightly cringeworthy attempt to make golf appeal to young urban people,,https://i.imgur.com/4zlGWve.jpg,1531059530.0,130,0.95,28,CasualUK,[deleted]
8x1boj,Great Britain according to Formula 1,,https://i.imgur.com/oNW7q1l.jpg,1531055380.0,657,0.98,56,CasualUK,dayus9
8x1asg,Insulting the person who stole your bike. Very British,,https://i.imgur.com/bfqfHaW.jpg,1531055109.0,744,0.99,11,CasualUK,nicbrit93
8x14l4,This fireplace at the local pub,,https://i.redd.it/hqeo58qaxp811.jpg,1531053059.0,106,0.97,4,CasualUK,beatsandbosons
8x11qe,I feel as if this belongs here,,https://i.imgur.com/sl9SVLg.jpg,1531052030.0,474,0.96,33,CasualUK,SNFTW
8x10jg,The Red Arrows at Yeovilton yesterday,,https://c1.staticflickr.com/1/837/29389118198_2e3938a84b_b.jpg,1531051625.0,131,0.97,15,CasualUK,Andy616
8x0w9u,Big orange ball at 5am,,https://i.redd.it/k4p9a03aop811.jpg,1531050027.0,453,0.98,25,CasualUK,ErinRosado
8x0pcv,"Yeah, me too",,https://i.redd.it/u5rns206gp811.jpg,1531047299.0,469,0.98,20,CasualUK,LiamJonsano
8x0hhf,Yorkshire fish &amp; chips. The north/south divide is real.,,https://i.redd.it/er29ymjd6p811.jpg,1531044006.0,4296,0.96,646,CasualUK,quosh
8x0gln,"Rick Stanton &amp; John Volanthen: two British divers, first to reach the trapped Thai soccer team.",,https://i.imgur.com/F3CaPT4.jpg,1531043612.0,1028,0.98,54,CasualUK,[deleted]
8x0f45,When did fairy cakes become cup cakes?,"I'm placing the blame for this squarely with our noiser neighbours across the Atlantic. 
For most of my life a small sponge cake was a fairy cake. Now everyone seems to call them ""cupcakes"".
I'm making a stand in my house. The kids get no cake unless they call them by the correct name.",https://www.reddit.com/r/CasualUK/comments/8x0f45/when_did_fairy_cakes_become_cup_cakes/,1531042977.0,181,0.96,61,CasualUK,OnceHadHair
8x09l8,I know it‚Äôs coming home but this is not acceptable...,,https://metro.co.uk/2018/07/07/england-fans-trample-london-ambulance-celebrations-turn-wild-7691618/,1531040607.0,788,0.96,309,CasualUK,NerdBlender
8x05j7,Splendid Postcards of British Seaside Resorts in the 1960s,,https://flashbak.com/splendid-postcards-of-british-seaside-resorts-in-the-1960s-401257/,1531038807.0,50,0.96,19,CasualUK,kumquat_may
8x04xv,"Update: They fixed it guys, not to worry!",,https://i.imgur.com/vFhLjcI.jpg,1531038563.0,170,0.98,6,CasualUK,9DAN2
8wzqp7,Aston Martin prototype,[deleted],https://i.imgur.com/SWzjEaD.jpg,1531032028.0,545,0.96,106,CasualUK,[deleted]
8wzmfx,OK so everyone has their windows open aaand I'm pretty sure I just heard one of my upstairs neighbours have a quick wank,"So, I'm sat on the pot waiting to drop my morning shit, as you do, and I hear the door upstairs close (their bathroom is above mine because of house etc) so naturally I go into ""stealth mode"" cos they have their window open too, and who wants to hear someone else drop a fat shit? What followed.. I can only describe as the stereotype that is the ""fap fap"" sound (I swear it's never ever sounded like that to me IRL before but whatever) and then... oh god. I think he came in the sink? I don't know but that's what it sounded like.. I may be scared for life but it was over in less than half a minute so send your prayers to him and not me. Maybe some to me. Jesus. Fucking. Christ.",https://www.reddit.com/r/CasualUK/comments/8wzmfx/ok_so_everyone_has_their_windows_open_aaand_im/,1531030487.0,174,0.94,66,CasualUK,theGarbs
8wz2yu,Did Boaty McBoatface teach them nothing?,[deleted],https://i.redd.it/q1ufz8rycl811.jpg,1531024013.0,70,0.83,13,CasualUK,[deleted]
8wy10t,Clearing my cupboards and found a pack of Wotsits from 2013,,https://i.redd.it/bkftb6qwlm811.jpg,1531012908.0,72,0.95,23,CasualUK,saycheesemommy
8wwve8,It‚Äôs been so hot in Birmingham that the canals dried up,,https://i.redd.it/rjwvffhtpl811.jpg,1531002119.0,219,0.96,35,CasualUK,Warshawski
8wwtut,Pirate party at the WI,,https://i.redd.it/u108nnlpol811.jpg,1531001743.0,83,0.98,5,CasualUK,dozzell
8wwlj9,Clap clap clap ham..,[deleted],https://v.redd.it/uc37x5mril811,1530999771.0,52,0.96,13,CasualUK,[deleted]
8wwjzh,"Temp indoors at 10:30pm, halp",,https://i.imgur.com/luePfZR.jpg,1530999375.0,156,0.99,42,CasualUK,Jakeii
8wvvt8,Nostalgia food. Findus crispy pancakes.,,https://i.redd.it/6zgaedo70l811.jpg,1530993515.0,60,0.88,33,CasualUK,[deleted]
8wvvjq,"Just went to the Uffizi in Florence, I think Bill Bailey might be Jesus.",,https://i.redd.it/c7yse8kyzk811.jpg,1530993449.0,733,0.98,10,CasualUK,[deleted]
8wvs6g,"TIL Ice Cream Vans cannot play music for more than 12s at a time, more than once every 2 minutes or within site of another ice cream that's already selling!","The entire document from DefRA is the most quintessentially British thing I've ever seen. Bureaucracy over ice cream van music is perhaps this countries greatest achievement. 

**PDF** - [Full regulation](https://assets.publishing.service.gov.uk/government/uploads/system/uploads/attachment_data/file/245699/pb14030-ice-cream-vans.pdf): Code of Practice on Noise from Ice-Cream
Van Chimes Etc. in England 2013 

**In Summary:**
---

**Do not sound chimes**

1. for longer than 12 seconds at a time;
2. more often than once every 2 minutes;
3. more than once when the vehicle is stationary at a selling point;
4. except on approach to or at a selling point;
5. when in sight of another vehicle which is trading;
6. when within 50 metres of schools (during school hours), hospitals, and places of
worship (on Sundays and other recognised day of worship);
7. more often than once every 2 hours in the same length of street;
8. louder than 80dB at 7.5 metres; 
9. as loudly in areas of low background noise or narrow streets as elsewhere. 

REMEMBER: It is an offence to sound your chimes before 12.00 noon or after 7.00 pm. ",https://www.reddit.com/r/CasualUK/comments/8wvs6g/til_ice_cream_vans_cannot_play_music_for_more/,1530992616.0,106,0.98,31,CasualUK,Jaraxo
8wvr2n,Absolute rip off of Pringles,,https://i.redd.it/0g5kfhqqwk811.jpg,1530992343.0,80,0.89,36,CasualUK,[deleted]
8wvkgu,"No love in r/pics thought it might fare better here, the worst sign ever",,https://i.redd.it/f4f0x1lej5ry.jpg,1530990756.0,80,0.94,21,CasualUK,johnny_bogroll
8wveh5,First time in London. Had the most delicious fish and chips!,,https://i.imgur.com/gXHwymX.jpg,1530989415.0,175,0.9,116,CasualUK,Eyedema
8wv6ja,Behold my erection! Only took a couple of hours to get it up.,,https://imgur.com/cCXFoEt,1530987598.0,222,0.96,28,CasualUK,AdamNRG
8wuv3u,Those fucking open fridges in corner shops...,"What is the point of these? Nothing in them is ever cold and all they seem to do is chug out endless amounts of hot air, surely making their own function even more difficult and their own existence even more futile. They must cost a fortune to run, they all look like they were bought in 1986, they all smell like dead mice, and they do not do the job they were designed for. Why the hell don't they have doors, or those flaps of clear rubbery plastic that you just put your hand through? Why do they even make these things? ",https://www.reddit.com/r/CasualUK/comments/8wuv3u/those_fucking_open_fridges_in_corner_shops/,1530985037.0,60,0.95,29,CasualUK,blackcurrantcat
8wutza,‚ÄúSTOP THE CAR!‚Äù,,https://i.redd.it/6yrlt0lc9k811.png,1530984790.0,111,0.95,14,CasualUK,throwbackfinder
8wurv1,Got a sick picture of this bloke after the Eng-v-Swe game at London Bridge so would like to reunite it with the boi,,https://i.redd.it/j6i1m76x8k811.jpg,1530984329.0,530,0.96,24,CasualUK,Konann623
8wu6ww,See ya later Sweden! Have fun,,https://i.imgur.com/VZU8nd0.jpg,1530979570.0,11210,0.94,149,CasualUK,delqhic
8wu38s,SWEDEN 0-2 ENGLAND WE'RE IN THE WORLD CUP SEMI FINAL!!!!!,"Good afternoon and welcome to the match thread for the World Cup quarter final between Sweden and England! The line ups haven't been announced just yet, but I'll update the thread ASAP with them.

**WHAT**

The World Cup quarter final between England and Sweden, you muppet! Win this and it's two more games to win the whole thing! The winner of this game is set to play either Croatia or Russia in the semi final of the competition next week.

**WHERE**

[Samara, Russia.](https://en.wikipedia.org/wiki/Samara) The 6th largest city in Russia, and definitely one you hadn't heard of before the World Cup. Tolstoy lived there for a while and it holds an annual festival called the Grushinsky Festival for bards. As you do. 

Weather -  Saturday 15:00 - Light Rain Showers - Temperature 18 degrees Celcius -Precipitation 41&amp;#37; - Humidity 66&amp;#37; - Wind speed 6 mph

**WHO**

**Sweden** \- a county in Europe, roughly 10 million people live there. They're a decent bunch, polite, tidy, and socially repressed. They're quite like us in that respect. [Here's a quick rundown of their (probable) team from Afton Bladet](https://www.aftonbladet.se/sportbladet/fotboll/a/9mdAnp/dear-england-youve-got-it-in-the-bag), a newspaper over there. Makes it sound quite appealing!

*Legends*

[LJUNDBERG](http://3.bp.blogspot.com/_4gipsQGK3Mc/SgwmXt5mbuI/AAAAAAAAAd0/qGsLPPcLLPw/s320/Freddie+Ljungberg.jpg) \- [ZLATAN](https://secure.i.telegraph.co.uk/multimedia/archive/02399/ibravolley_2399110k.jpg) \- [GRANQVIST ](https://m.media-amazon.com/images/M/MV5BNDViYTFiYmEtMTZjYy00YzU3LTg4ZWQtZDk1YmQ2MzE0Njg4XkEyXkFqcGdeQXVyMjUyNDk2ODc@._V1_SY1000_SX1000_AL_.jpg)\- [BORG ](https://corporate.bjornborg.com/en/wp-content/uploads/sites/2/2016/07/Bjo%CC%88rn-Borg.jpg)\- [LARSSON ](https://upload.wikimedia.org/wikipedia/commons/thumb/5/5b/Zara_Larsson_By_Daniel_%C3%85hs.jpg/220px-Zara_Larsson_By_Daniel_%C3%85hs.jpg)\- [CHEF](https://upload.wikimedia.org/wikipedia/en/thumb/e/e7/The_Swedish_Chef.jpg/220px-The_Swedish_Chef.jpg) \- [MEATBALL ](https://images.scrippsnetworks.com/up/tp/Scripps_-_Food_Category_Prod/6/915/0156087_630x355.jpg) \- [FLAT PACK](https://upload.wikimedia.org/wikipedia/commons/thumb/c/c5/Ikea_logo.svg/1200px-Ikea_logo.svg.png)

**England** \- another European country, around 50 million live there. The country is bouncing back from recent footballing ennui and there is an almost unstoppable wave of optimism about our lovely bunch. People even like Gareth Southgate now!

*Legends*

[MOORE](https://www.telegraph.co.uk/content/dam/football/2016/03/25/England_Germany_1966_Alamy.jpg?imwidth=450) \- [CHARLTON](https://vignette.wikia.nocookie.net/lifeonmars/images/4/4d/Bobby_Charlton.jpg/revision/latest?cb=20110922165532) \- [MAGUIRE ](https://res.cloudinary.com/jpress/image/fetch/w_700,f_auto,ar_3:2,q_auto:low,c_fill/if_h_lte_200,c_mfit,h_201/https://www.thestar.co.uk/webimage/1.9233855.1530685299!/image/image.jpg)\- [KANE ](http://e0.365dm.com/18/07/16-9/20/harry-kane-england-world-cup_4352764.jpg?20180703231338)\- [STERLING ](https://www.chards.co.uk/media/products/1921/2017annualcoinsetonepoundrev500-B-1.jpg)\- [ALLARDYCE](https://i2-prod.mirror.co.uk/incoming/article8926598.ece/ALTERNATES/s615/Sam-Allardyce.jpg) \- [BASSETT](https://sonarent.com/sites/default/files/styles/title_title_b_header/public/images/Screen%2520Shot%25202016-12-26%2520at%252011.35.50%2520AM_%7B2057fb7f-b3a5-4c66-85f6-c2e175ec79f5%7D.png?itok=0-kTM7wI) \- [FARRAH](https://www.telegraph.co.uk/content/dam/football/2017/09/02/TELEMMGLPICT000139070102_trans_NvBQzQNjv4BqqVzuuqpFlyLIwiB6NTmJwRTBvL8R0zFQ5DI-lD4qrx0.jpeg?imwidth=450)

**Lineups**

[HERE](https://twitter.com/FIFAWorldCup/status/1015575269879492608?s=19)

**WHY**

TO BRING IT FUCKING HOME!

[BBC Preview](https://www.bbc.co.uk/sport/football/44665445) \- [BBC Live Thread](https://www.bbc.co.uk/sport/live/football/44071177)

Credit to /u/Ludek_Miklosko for the inspiration and shameless ripping off of his thread style.

**MATCH UPDATES**

0 - kick off

10 - nothing has happened except we've given the ball away a lot and Sweden had a couple of pot shots.

18 - Sterling has a run. Give it to him more! Kane's shot went wide.

23 - tedium is setting in.

26 - both teams quite nervous. Alli has given the ball away more than he's passed successfully.

27 - the Swedish captain, Granqvist, who plays in the Swedish second tier goes on a little run and trips over his own feet. Harry Kane and Raheem Sterling, the two highest scoring Englishmen in the premiership last season, are yet to get the better of Granqvist.

30 - [HARRY MAGUIRE](https://res.cloudinary.com/jpress/image/fetch/w_700,f_auto,ar_3:2,q_auto:low,c_fill/if_h_lte_200,c_mfit,h_201/https://www.thestar.co.uk/webimage/1.9233855.1530685299!/image/image.jpg) [HEADER FROM A CORNER, FUCKING LEGEND 1-0 ENGLAND!!!!](https://streamja.com/XqKz)

33 - I went to school with Maguire from 4-16. I'm so, so fucking happy for him. Absolute hero!

38 - honestly this game has been shit, but let's get another corner, get Kane on the score sheet and shut up shop.

39 - Alli with some great pressure. Good lad.

42 - Forsberg with a good cross in that Pickford saves easily. We've done well to keep Forsberg quiet so far, but Sweden haven't really threatened at all.

44 - sterling 1 on 1! Save from the keeper, runs free - offside for sterling. Quite clear, looks like sterling knew so was a little half hearted.

45 - sterling again! Runs free, keeper with a great save and sterling's indecision leads to a lack of options and it's an England corner!

HALF TIME - England ended the half excellently. The last five minutes were brilliant from England, could have been 3 goals I reckon. Sweden yet to threaten too much. England need to keep up the pace that led to the series of corners in the last 10 and the couple of opportunities from sterling. Get RLC on for Alli, Gaz!

Half time entertainment - some cracking pictures from fan parks. Croydon and Newcastle had the beers going everywhere. Top stuff!

HT - there's a bloke who's the spit of Southgate in the crowd.

46 - after Linekar has put the kiss of death on us with some stats, the second half kicks off.

47 - shit the bed Sweden with a great header and Pickford with an absolutely incredible save! What a guy!

50 - do you think Kieron Trippier's haircut will become the new thing after this world cup?

54 - head tennis in the box comes to nothing for England from a freekick, followed up by sterling breaking free and sending a decent ball in. The Swedes are falling apart like cheap, shit furniture.

57 - another corner...

58 - ...comes to nothing. 

59 - DELE ALLI ALL IS FORGIVEN! [We are dominant, a beautiful Lingard cross is met by an unmarked Alli, who nods it over the goalkeeper. Beautiful!](https://streamja.com/lXRz)

62 - Jordan Pickford is a fucking hero! A lovely passing move from the Swede leads to a clear chance which Pickford parries away, before Henderson clears and we get rid! 

63 - game is very open right now. Forsberg is looking pretty tidy.

65 - Forsberg subbed off for Olssen, Toivonen for Guidetti. England corner!

66 - bounces around, falls to Maguire! Skies it. Nice one Harry.

68 - someone put a rocket up Alli at half-time. He's been great this half. Him sterling and kane on the break gets us another corner eventually.

71 - Jordan Pickford with another good save. He's up there for man of the match.

74 - if Guy Mowbray can stop jinxing this that would be amazing.

76 - delph on for alli. Alli had a fairly poor game other than the 10 minutes around where he scored. 

78 - Kraft makes a fantastic block to deny sterling a tap in! 

81 - Southgate isn't a fan of substitutions is he?

84 - Henderson off for dier. Dier poor so far, but can't have Hendo getting a yellow.

85 - krafth for Janssen for Sweden 

87 - Maguire and Guidetti get a yellow each for having a bit of a barney

90 - Sweden sky a freekick.

90 - Sterling for Rashford.

90 - Larsson yellow.

90+ - is it coming home..?

IT'S FUCKING COMING HOME!!!",https://www.reddit.com/r/CasualUK/comments/8wu38s/sweden_02_england_were_in_the_world_cup_semi_final/,1530978702.0,1455,0.92,648,CasualUK,jptoc
8wu0m0,This shit cost me 4 quid at a train station,,https://imgur.com/w4PozfW,1530978039.0,256,0.97,54,CasualUK,link6112
8wtwlr,Uh oh what should I do?,,https://i.redd.it/dudrnfg7nj811.jpg,1530977040.0,115,0.97,6,CasualUK,tylrrbb
8wtbk3,Gay pride,,https://i.imgur.com/T9adUlG.jpg,1530971641.0,150,0.83,18,CasualUK,[deleted]
8wtbe2,Anne Hegerty (The Governess) calls out homophobic viewer of The Chase who complained about a drag queen appearing on the show,,https://i.redd.it/l83687h4bxq01.jpg,1530971597.0,334,0.97,48,CasualUK,Hassaan18
8wtbai,Is anyone else still storing these bad boys?,,https://imgur.com/pGYapsv,1530971570.0,100,0.95,40,CasualUK,MaxTheMidget
8wtb9e,Tropical heat means jungle monster moth,[deleted],https://i.redd.it/urqb951y2j811.jpg,1530971559.0,63,0.96,45,CasualUK,[deleted]
8wsyuy,"Local shopping centre Saturday morning Panini club. Dads and sons, ‚Äúgot, got, got, need‚Äù.",,https://i.redd.it/tdl7rfrewi811.jpg,1530968139.0,62,0.98,11,CasualUK,ianf2k13
8wsx2l,Always funny to see on a neighbors car,,https://i.redd.it/1fbpse44vi811.jpg,1530967583.0,100,0.94,28,CasualUK,[deleted]
8wst3r,Last meal before I went back to the states. Can‚Äôt wait to come back!,,https://i.redd.it/m6ske8h9ri811.jpg,1530966291.0,67,0.91,20,CasualUK,FaibianFish
8wsqpy,"My dad‚Äôs retirement card appears to be Brighton, post apocalypse.",,https://i.redd.it/yxkiinazoi811.jpg,1530965518.0,88,0.97,9,CasualUK,Ybuzz
8wsnx7,"MATCH THREAD: Sweden vs England (7th July 2017, 3pm BST, Samara, Russia)","Good afternoon and welcome to the match thread for the World Cup quarter final between Sweden and England! The line ups haven't been announced just yet, but I'll update the thread ASAP with them.

**WHAT**

The World Cup quarter final between England and Sweden, you muppet! Win this and it's two more games to win the whole thing! The winner of this game is set to play either Croatia or Russia in the semi final of the competition next week.

**WHERE**

[Samara, Russia.](https://en.wikipedia.org/wiki/Samara) The 6th largest city in Russia, and definitely one you hadn't heard of before the World Cup. Tolstoy lived there for a while and it holds an annual festival called the Grushinsky Festival for bards. As you do. 

Weather -  Saturday 15:00 - Light Rain Showers - Temperature 18 degrees Celcius -Precipitation 41&amp;#37; - Humidity 66&amp;#37; - Wind speed 6 mph

**WHO**

**Sweden** \- a county in Europe, roughly 10 million people live there. They're a decent bunch, polite, tidy, and socially repressed. They're quite like us in that respect. [Here's a quick rundown of their (probable) team from Afton Bladet](https://www.aftonbladet.se/sportbladet/fotboll/a/9mdAnp/dear-england-youve-got-it-in-the-bag), a newspaper over there. Makes it sound quite appealing!

*Legends*

[LJUNDBERG](http://3.bp.blogspot.com/_4gipsQGK3Mc/SgwmXt5mbuI/AAAAAAAAAd0/qGsLPPcLLPw/s320/Freddie+Ljungberg.jpg) \- [ZLATAN](https://secure.i.telegraph.co.uk/multimedia/archive/02399/ibravolley_2399110k.jpg) \- [GRANQVIST ](https://m.media-amazon.com/images/M/MV5BNDViYTFiYmEtMTZjYy00YzU3LTg4ZWQtZDk1YmQ2MzE0Njg4XkEyXkFqcGdeQXVyMjUyNDk2ODc@._V1_SY1000_SX1000_AL_.jpg)\- [BORG ](https://corporate.bjornborg.com/en/wp-content/uploads/sites/2/2016/07/Bjo%CC%88rn-Borg.jpg)\- [LARSSON ](https://upload.wikimedia.org/wikipedia/commons/thumb/5/5b/Zara_Larsson_By_Daniel_%C3%85hs.jpg/220px-Zara_Larsson_By_Daniel_%C3%85hs.jpg)\- [CHEF](https://upload.wikimedia.org/wikipedia/en/thumb/e/e7/The_Swedish_Chef.jpg/220px-The_Swedish_Chef.jpg) \- [MEATBALL ](https://images.scrippsnetworks.com/up/tp/Scripps_-_Food_Category_Prod/6/915/0156087_630x355.jpg) \- [FLAT PACK](https://upload.wikimedia.org/wikipedia/commons/thumb/c/c5/Ikea_logo.svg/1200px-Ikea_logo.svg.png)

**England** \- another European country, around 50 million live there. The country is bouncing back from recent footballing ennui and there is an almost unstoppable wave of optimism about our lovely bunch. People even like Gareth Southgate now!

*Legends*

[MOORE](https://www.telegraph.co.uk/content/dam/football/2016/03/25/England_Germany_1966_Alamy.jpg?imwidth=450) \- [CHARLTON](https://vignette.wikia.nocookie.net/lifeonmars/images/4/4d/Bobby_Charlton.jpg/revision/latest?cb=20110922165532) \- [MAGUIRE ](https://res.cloudinary.com/jpress/image/fetch/w_700,f_auto,ar_3:2,q_auto:low,c_fill/if_h_lte_200,c_mfit,h_201/https://www.thestar.co.uk/webimage/1.9233855.1530685299!/image/image.jpg)\- [KANE ](http://e0.365dm.com/18/07/16-9/20/harry-kane-england-world-cup_4352764.jpg?20180703231338)\- [STERLING ](https://www.chards.co.uk/media/products/1921/2017annualcoinsetonepoundrev500-B-1.jpg)\- [ALLARDYCE](https://i2-prod.mirror.co.uk/incoming/article8926598.ece/ALTERNATES/s615/Sam-Allardyce.jpg) \- [BASSETT](https://sonarent.com/sites/default/files/styles/title_title_b_header/public/images/Screen%2520Shot%25202016-12-26%2520at%252011.35.50%2520AM_%7B2057fb7f-b3a5-4c66-85f6-c2e175ec79f5%7D.png?itok=0-kTM7wI) \- [FARRAH](https://www.telegraph.co.uk/content/dam/football/2017/09/02/TELEMMGLPICT000139070102_trans_NvBQzQNjv4BqqVzuuqpFlyLIwiB6NTmJwRTBvL8R0zFQ5DI-lD4qrx0.jpeg?imwidth=450)

**Lineups**

[HERE](https://twitter.com/FIFAWorldCup/status/1015575269879492608?s=19)

**WHY**

TO BRING IT FUCKING HOME!

[BBC Preview](https://www.bbc.co.uk/sport/football/44665445) \- [BBC Live Thread](https://www.bbc.co.uk/sport/live/football/44071177)

Credit to /u/Ludek_Miklosko for the inspiration and shameless ripping off of his thread style.

**MATCH UPDATES**

0 - kick off

10 - nothing has happened except we've given the ball away a lot and Sweden had a couple of pot shots.

18 - Sterling has a run. Give it to him more! Kane's shot went wide.

23 - tedium is setting in.

26 - both teams quite nervous. Alli has given the ball away more than he's passed successfully.

27 - the Swedish captain, Granqvist, who plays in the Swedish second tier goes on a little run and trips over his own feet. Harry Kane and Raheem Sterling, the two highest scoring Englishmen in the premiership last season, are yet to get the better of Granqvist.

30 - [HARRY MAGUIRE](https://res.cloudinary.com/jpress/image/fetch/w_700,f_auto,ar_3:2,q_auto:low,c_fill/if_h_lte_200,c_mfit,h_201/https://www.thestar.co.uk/webimage/1.9233855.1530685299!/image/image.jpg) [HEADER FROM A CORNER, FUCKING LEGEND 1-0 ENGLAND!!!!](https://streamja.com/XqKz)

33 - I went to school with Maguire from 4-16. I'm so, so fucking happy for him. Absolute hero!

38 - honestly this game has been shit, but let's get another corner, get Kane on the score sheet and shut up shop.

39 - Alli with some great pressure. Good lad.

42 - Forsberg with a good cross in that Pickford saves easily. We've done well to keep Forsberg quiet so far, but Sweden haven't really threatened at all.

44 - sterling 1 on 1! Save from the keeper, runs free - offside for sterling. Quite clear, looks like sterling knew so was a little half hearted.

45 - sterling again! Runs free, keeper with a great save and sterling's indecision leads to a lack of options and it's an England corner!

HALF TIME - England ended the half excellently. The last five minutes were brilliant from England, could have been 3 goals I reckon. Sweden yet to threaten too much. England need to keep up the pace that led to the series of corners in the last 10 and the couple of opportunities from sterling. Get RLC on for Alli, Gaz!

Half time entertainment - some cracking pictures from fan parks. Croydon and Newcastle had the beers going everywhere. Top stuff!

HT - there's a bloke who's the spit of Southgate in the crowd.

46 - after Linekar has put the kiss of death on us with some stats, the second half kicks off.

47 - shit the bed Sweden with a great header and Pickford with an absolutely incredible save! What a guy!

50 - do you think Kieron Trippier's haircut will become the new thing after this world cup?

54 - head tennis in the box comes to nothing for England from a freekick, followed up by sterling breaking free and sending a decent ball in. The Swedes are falling apart like cheap, shit furniture.

57 - another corner...

58 - ...comes to nothing. 

59 - DELE ALLI ALL IS FORGIVEN! [We are dominant, a beautiful Lingard cross is met by an unmarked Alli, who nods it over the goalkeeper. Beautiful!](https://streamja.com/lXRz)

62 - Jordan Pickford is a fucking hero! A lovely passing move from the Swede leads to a clear chance which Pickford parries away, before Henderson clears and we get rid! 

63 - game is very open right now. Forsberg is looking pretty tidy.

65 - Forsberg subbed off for Olssen, Toivonen for Guidetti. England corner!

66 - bounces around, falls to Maguire! Skies it. Nice one Harry.

68 - someone put a rocket up Alli at half-time. He's been great this half. Him sterling and kane on the break gets us another corner eventually.

71 - Jordan Pickford with another good save. He's up there for man of the match.

74 - if Guy Mowbray can stop jinxing this that would be amazing.

76 - delph on for alli. Alli had a fairly poor game other than the 10 minutes around where he scored. 

78 - Kraft makes a fantastic block to deny sterling a tap in! 

81 - Southgate isn't a fan of substitutions is he?

84 - Henderson off for dier. Dier poor so far, but can't have Hendo getting a yellow.

85 - krafth for Janssen for Sweden 

87 - Maguire and Guidetti get a yellow each for having a bit of a barney

90 - Sweden sky a freekick.

90 - Sterling for Rashford.

90+ - is it coming home..?",https://www.reddit.com/r/CasualUK/comments/8wsnx7/match_thread_sweden_vs_england_7th_july_2017_3pm/,1530964635.0,205,0.94,1546,CasualUK,jptoc
h0wpni,I couldn't be more proud of this,,https://i.redd.it/q3mwe9z0d9451.jpg,1591871262.0,703,0.97,169,CasualUK,leess81
h0vwqt,"""Glass half empty vs half full"" has an actual solution and isn't philosophical",[deleted],https://www.reddit.com/r/CasualUK/comments/h0vwqt/glass_half_empty_vs_half_full_has_an_actual/,1591867480.0,72,0.91,52,CasualUK,[deleted]
h0vwqe,Since my parents moved to a semi rural area we have been playing spot the wildlife behind the house. Today we finally saw a deer! Only badger to go...,,https://i.redd.it/2cbl09fs19451.jpg,1591867479.0,94,0.99,9,CasualUK,TheSlyGoose
h0vubd,"Welp, Summer was nice while it lasted.",,https://i.redd.it/immn30bu09451.jpg,1591867166.0,63,0.88,11,CasualUK,Badger1066
h0vtei,Whoever posted the Norwich Peregrine Webcam...,"...Thankyou! 

After lurking on here for, literally years, I've finally decided to take the plunge and create an account, just to say thanks, both to the wider community and to whoever posted the above link a few months ago in particular.

I'm an airline pilot who's been sat at home for the last few months, staring down the barrel of redundancy - I'm likely to get my marching orders next week. This sub has been one of the few things that have managed to keep my stress levels somewhat under control, whenever they spike 5 minutes of looking at what you crazy kids are up to normally calms me down a bit. 

In particular, whoever posted up the link to the webcam for the peregrine falcon nest in Norwich Cathedral, that one link has been an absolute lifeline, following those little murder chickens grow up and fly away was absolutely bloody fascinating and a real privilege to watch. 

Now I've got to figure out what to do with the rest of my life. If anyone has any job tips for someone who's 15 year career staring out of the window looking at clouds in a variety of interesting locations is pretty much over, hit me up, I'm all ears.",https://www.reddit.com/r/CasualUK/comments/h0vtei/whoever_posted_the_norwich_peregrine_webcam/,1591867042.0,56,1.0,35,CasualUK,moonchaser881
h0u9ek,Breakfast in bed,,https://i.redd.it/tfpaa2tr08451.jpg,1591859548.0,113,0.86,33,CasualUK,farfetchedfrank
h0u7qd,"This morning, a historic Marks and Spencer: the London Oxford Street store in the 1938 ""Pantheon"". Who'd go to Rome?",,https://i.redd.it/eb0rbqx2d8451.jpg,1591859337.0,74,0.94,4,CasualUK,archineering
h0s04z,Went to the UK in July for a Latin Camp and took this photo in Wells. From faraway California I have missed it ever since.,,https://i.redd.it/slcmbx3kk7451.jpg,1591849590.0,2096,0.98,257,CasualUK,sir_orfeo
h0qmdb,That's clean is it ? It looks like it's been up the cat's arse,,https://i.redd.it/a0gp37s447451.jpg,1591844056.0,73,0.9,29,CasualUK,LittleSparrow24
h0lhe3,I have memory of more than 40 Scottish summers &amp; I'm still surprised when it's still light at 10pm in mid June.,,https://www.reddit.com/r/CasualUK/comments/h0lhe3/i_have_memory_of_more_than_40_scottish_summers_im/,1591826809.0,262,0.98,24,CasualUK,DalbergTheKing
h0l35k,Been making some EastEnders colouring in pictures. Why? Absolutely no idea but thought I'd share one of them.,[deleted],https://i.redd.it/b1ipj97fl5451.jpg,1591825659.0,258,0.98,35,CasualUK,[deleted]
h0ksvh,Felt like I was being watched...,,https://i.redd.it/w4kj7h8xi5451.jpg,1591824818.0,67,0.95,3,CasualUK,clazzlevajazzle
h0gk37,Has anyone here had/ heard of a battered saveloy?,,https://i.redd.it/o2azyhh9j4451.jpg,1591812823.0,135,0.88,99,CasualUK,SanFranBayLad
h0fxij,Some lovely wild flowers I saw yesterday üåºüêù,,https://i.redd.it/gj2almrvd4451.jpg,1591811065.0,116,0.97,6,CasualUK,PM_ME_CAT_TOES
h0f897,"Every small town has an attraction, meet Alsager's. I don't believe it has a name, any suggestions?",,https://i.redd.it/fm9u51e984451.jpg,1591809125.0,54,0.97,31,CasualUK,cheshireEP
h0f5d3,I can't be the only one who has bread and gravy after a roast? Can I?,"Something I learnt from my dad as a kid. Once you've got a clean plate after a roast, (or anything involving gravy, frankly) you bang a couple of slices of bread on your plate then pour over any remaining gravy. Sprinkle of pepper to tip it off. 

Wife and kids think it's weird, but you can't finish a decent roast of without it, in my opinion.",https://www.reddit.com/r/CasualUK/comments/h0f5d3/i_cant_be_the_only_one_who_has_bread_and_gravy/,1591808915.0,52,0.93,41,CasualUK,gpbturtles
h0eigk,Found in my cupboard. Remember these characters! I forgot I had this! Work mug now.,,https://i.redd.it/ckb4uvrb24451.jpg,1591807125.0,96,0.94,25,CasualUK,Gemsie94
h0edcm,"I hit the fruit pastille jackpot, not a green in sight.",,https://i.redd.it/a35bp37214451.jpg,1591806701.0,8307,0.93,405,CasualUK,Cunt_Puffin
h0e6z8,I love it.,,https://i.redd.it/0tgmp7rxy3451.jpg,1591805986.0,67,0.89,14,CasualUK,spudbrain5470
h0djxy,"Just finshed fixing my sisters bike, maybe i can get started on grandads old Lynx Mark VIII Helicopter",,https://www.reddit.com/r/CasualUK/comments/h0djxy/just_finshed_fixing_my_sisters_bike_maybe_i_can/,1591804000.0,258,0.98,30,CasualUK,bowlersgrip
h0cfdl,A pic I took of the Knife Angel when it was in Shrewsbury. It was quite a muggy day so I like how the sky gives a moody atmosphere around this piece of art,,https://i.redd.it/px8w8h8yh3451.jpg,1591800273.0,162,0.97,25,CasualUK,thatdavidgeezer
h0bagw,"Do an online skills check they said, I wasn't expecting this",,https://i.redd.it/mq8qa4bd73451.png,1591796769.0,110,0.98,34,CasualUK,[deleted]
h0b39o,Does anyone else enjoy standing in the doorway with a brew and watching the rain lash down?,,https://www.reddit.com/r/CasualUK/comments/h0b39o/does_anyone_else_enjoy_standing_in_the_doorway/,1591796122.0,223,0.97,29,CasualUK,EarlOfBronze
h09nlc,"Ant and Dec, masters of disguise!",[deleted],https://i.redd.it/hd8zo9fsq2451.jpg,1591791139.0,56,0.77,58,CasualUK,[deleted]
h09837,Not a day goes by that I don‚Äôt think about this long lost friend.,,https://i.redd.it/ufla8lhhl2451.jpg,1591789355.0,269,0.98,48,CasualUK,instantnoodledoodle
h08ga0,"Just needed to tell someone. I've lost 4kg since quarantine started without any dieting, just daily excersising! Never been so happy in myself.",I just wanted to say how amazing the reddit community is for the overwhelming support.. I love you all.,https://www.reddit.com/r/CasualUK/comments/h08ga0/just_needed_to_tell_someone_ive_lost_4kg_since/,1591786111.0,306,0.95,47,CasualUK,Charizard_snuggles
h084v6,"Well, I personally can't wait for the campsites to reopen so I can have a good old fashioned British summer holiday again like I did last year...",,https://imgur.com/CXiKFQg,1591784696.0,575,0.99,48,CasualUK,26326312
h07o84,Celebrity Chase makes the Chasers look like monsters,,https://i.redd.it/ffmhz6uw02451.png,1591782471.0,27693,0.94,478,CasualUK,[deleted]
h07jv6,Better late than never - I noticed this sticker note on my toaster after almost 4 years of using it. At least I removed it today.,,https://i.redd.it/9tnpa6z4z1451.jpg,1591781840.0,92,0.97,10,CasualUK,gnat61
h072bl,As of today the pubs have been closed for more days in 2020 than they have been open.,Dunno what you wonna do with that information. Just thought I'd share,https://www.reddit.com/r/CasualUK/comments/h072bl/as_of_today_the_pubs_have_been_closed_for_more/,1591779379.0,230,0.98,53,CasualUK,snoobs89
h06x9a,Just look at this god amongst Bourbon biscuits I found in a bag of offcuts.,,https://v.redd.it/0n39qkaip1451,1591778655.0,878,0.99,69,CasualUK,_Twelfman
h06uuq,This beehive will keep strangers from using my skip,,https://i.imgur.com/GgF1eTA.jpg,1591778324.0,225,0.99,27,CasualUK,ManILoveFarming
h06u98,"I‚Äôve had a bee hotel in my garden for three years but it‚Äôs only ever been home to spiders. Today though, I finally found a guest! üêù",,https://i.redd.it/odtai72fo1451.jpg,1591778239.0,1224,0.99,76,CasualUK,_Twelfman
h05ucd,"Oooh, one more year and this fella gets a birthday card from the Queen!",,https://i.redd.it/rt3xlv5u91451.jpg,1591773330.0,52,0.95,22,CasualUK,petietheparakeet
gzyy3v,"Exquisite interior of Skibo Castle, Dornoch, Scottish Highlands",,https://i.redd.it/o7ckb0el3n351.png,1591745094.0,71,0.98,7,CasualUK,TheBizzareKing
gzy9mv,Don‚Äôt have many people to tell so I‚Äôm telling you guys,"Today I received my marks for my dissertation and I got 85%! I worked so hard and I‚Äôm so happy. I‚Äôve spent 5 years struggling with anxiety and university , needing to take a year off and struggling to attend.. but my hard work and resilience has truly paid off üò≠

EDIT. What an incredible response, I appreciate you all so much ‚ù§Ô∏è",https://www.reddit.com/r/CasualUK/comments/gzy9mv/dont_have_many_people_to_tell_so_im_telling_you/,1591742860.0,6428,0.97,316,CasualUK,Peachy_Milky
gzxrg9,We did it! The zoos are opening again!,"After the massive support campaign for Chester Zoo, the government have finally realised that walking around a carefully controlled outdoor zoo is just as safe as heading to a sardine-like park or beach. Zoos and safari parks were seriously struggling and had been told to prepare to remain closed 'indefinitely'. 

I know not everyone is a fan of zoos, and in an ideal world, I absolutely agree that there shouldn't be a need for them. But for now, there is, and ours are some world leaders in conservation. 

I know everything about the lockdown and Covid and all of it has been properly shit. I'm so ridiculously excited about this little victory. For me at least, it's a tiny step back towards normality again and it's gonna do so much for my mental health! Plus, I trust my local zoos to have a much safer social distancing plan than say... Primark, which feels like a scrum in a jumble sale most of the time.

I am very, very excited. Thank you so much to anyone who helped with this is any way at all - your contribution has not only helped zoos, but you've genuinely helped to make me really happy. Thank you.",https://www.reddit.com/r/CasualUK/comments/gzxrg9/we_did_it_the_zoos_are_opening_again/,1591741350.0,159,0.94,25,CasualUK,Skmot
gzx435,Chiswick Lifeboat crew now requires a tetanus shot,,https://v.redd.it/vy2zz2nolv351,1591739411.0,67,0.94,14,CasualUK,HotPinkLollyWimple
gzwx6k,Does everyone else have a friendly badger who finishes off the last few remains of Sunday Roast or is it just a me thing?,,https://i.redd.it/96pfz9jafy351.jpg,1591738844.0,1136,0.99,90,CasualUK,Fioraously_Fapping
gzwp1f,I used lockdown to learn how to darn my socks!,[deleted],https://imgur.com/4FUGysn,1591738181.0,71,0.92,11,CasualUK,[deleted]
gzw2ag,Walking to work a few days back and come across this perfectly balanced masterpiece!,,https://i.redd.it/qjws0huw7y351.jpg,1591736363.0,162,0.96,20,CasualUK,AntiSocialMackerel
gzv0tm,Thames on a rainy day,,https://i.redd.it/rkdmp867zx351.jpg,1591733432.0,62,0.92,5,CasualUK,blurry-spectacles
gzuggo,Remains of Anderson shelter in my garden. I feel like I‚Äôm on Time Team!,,https://i.redd.it/vvmgai0mux351.jpg,1591731892.0,4049,0.99,140,CasualUK,[deleted]
gztx64,"Spotted in Easton, Bristol",,https://i.redd.it/3g4xjiovpx351.jpg,1591730306.0,66,0.93,11,CasualUK,saintsgh
gzt7k5,I should get out more often.,,https://i.redd.it/3dt0r4smjx351.jpg,1591728199.0,413,0.98,15,CasualUK,_ecthelion_95
gzt2vi,"Gibraltar Farm, an unassuming barn in a field now, but back in WW2 was one of the most secretive places in the UK.",,https://i.redd.it/1it15fsgix351.jpg,1591727807.0,59,0.94,6,CasualUK,OddChair
gzslfw,As I'm stuck inside for 14 days I thought I'd mess around in Photoshop.,,https://i.redd.it/g4psfgozdx351.png,1591726373.0,132,0.91,13,CasualUK,ConnerJai
gzs8w0,Saw an advert and took an opportunity to make a meme,,https://i.redd.it/xc3vx8b6bx351.jpg,1591725352.0,288,0.92,8,CasualUK,EnochChell
gzqz8k,Baked a load of jelly bean cookies and a banana bread as I'm an absolute legend. Sat here eating banana bread and a cup of coffee is pretty great,,https://i.redd.it/9wiy0cetzw351.jpg,1591721580.0,55,0.86,11,CasualUK,[deleted]
gzpurz,Iceland supermarket has adopted Chester Zoo‚Äôs penguins in a bid to save the struggling venue,,https://metro.co.uk/2020/06/09/iceland-supermarket-has-adopted-chester-zoos-penguins-bid-save-struggling-venue-12827623/,1591718198.0,215,0.98,27,CasualUK,A_Song_of_Two_Humans
gzoh40,can't tell anyone in the real world so I'll tell you guys instead,Can't tell anyone yet as she wants to tell all her family and friends and teachers herself first but my step-daughter received a letter today to say a story she wrote has been chosen to be published in an anthology of stories for young writers.  Shes been struggling so much to focus on schoolwork at home and missing her friends that she really needed something positive to happen.  I'm so proud of her!,https://www.reddit.com/r/CasualUK/comments/gzoh40/cant_tell_anyone_in_the_real_world_so_ill_tell/,1591713838.0,2405,0.97,140,CasualUK,morp85
gznu93,We in the uk love our chips. If you had to save one which would it be? Gotta be chippy chips!,,https://i.redd.it/xda1bbij6w351.jpg,1591711688.0,131,0.94,104,CasualUK,dennin26
gznnb5,I got my dream job!!!,[deleted],https://www.reddit.com/r/CasualUK/comments/gznnb5/i_got_my_dream_job/,1591711072.0,1566,0.97,91,CasualUK,[deleted]
gznm2r,"This is how my mother cooks her bacon and eggs, I think it should be a war crime.",[deleted],https://i.redd.it/pqofilpd4w351.jpg,1591710962.0,79,0.88,36,CasualUK,[deleted]
gzn22l,"You can talk about the likes of Gary Oldman all you like, but when it comes to 'acting range' this takes some beating...",,https://i.redd.it/g1usu2ojyv351.jpg,1591709003.0,372,0.97,49,CasualUK,A_Song_of_Two_Humans
gzl6df,Not everyday you see a couple of Apache attack helicopters flyover during your morning tea.,,https://v.redd.it/glahes2ccv351,1591701575.0,61,0.95,25,CasualUK,The_Kid_1999
gzl484,"Just a parakeet chilling on a branch in Richmond park, London. üòÉü¶úüå≥",,https://i.redd.it/9p8dqvtobv351.jpg,1591701314.0,127,0.95,27,CasualUK,EHansson_Photography
gzk7ri,"Lockdown tasting menu, course three: Mangers &amp; Bash. Bangers made of mash and mash made of bangers.",,https://i.redd.it/kvb1cjhdzu351.jpg,1591697182.0,18848,0.94,1113,CasualUK,FecklessFridays
gzjouj,Britain goes coal free as renewables edge out fossil fuels,,https://www.bbc.com/news/science-environment-52973089,1591694619.0,230,0.98,28,CasualUK,-smcpr-
gzjiie,Sunset over Anfield earlier this year.,,https://i.redd.it/3ey7w0m7ur351.jpg,1591693748.0,93,0.86,14,CasualUK,Duanedoberman
gzj2hv,Looking out the window I have a sudden urge to have drink down the Rovers Return.,,https://i.redd.it/7u5wjhceiu351.jpg,1591691472.0,183,0.96,12,CasualUK,mwbstevens
gzizbe,"No matter how long lockdown lasts, I don't think I'll ever finish this colouring book...",,https://i.redd.it/pb3prdvzgu351.gif,1591691024.0,62,0.96,7,CasualUK,stevekeiretsu
gzipjd,Could everyone else make out everything Sweep was saying before Matthew or Soo translated it? Because as a small child I thought I was special. But now I'm not so sure.,,https://i.redd.it/ek5w34b7du351.png,1591689719.0,84,0.96,26,CasualUK,A_Song_of_Two_Humans
gzious,"From BBC Archive - On this day 1946: Children's television returned to the BBC for the first time since the war, in 'For the Children'. Puppeteers, Ann Hogarth and Jan Bussell, are pictured here with Annette Mills and Muffin the Mule in 1950.",,https://i.redd.it/af4jh5jtcu351.png,1591689633.0,78,0.98,7,CasualUK,richh00
gzikgn,I made socks,,https://i.redd.it/0pyi2wo6bu351.jpg,1591689038.0,576,0.96,38,CasualUK,Baron_von_chknpants
gzi8p3,"Another historic Tesco: the Perivale store is in the Grade II* Hoover Building, a 1933 art deco masterpiece",,https://i.redd.it/kriadpib6u351.jpg,1591687461.0,10438,0.98,339,CasualUK,archineering
gzdoe2,My hamster [Peanut] flopped on my hand today.,,https://i.redd.it/t1rr2fjmls351.png,1591668369.0,121,0.97,11,CasualUK,baconsEgg
gzadm7,New young‚Äôun at work just brought one of these in asking what it was and now I feel old and hate him.,[deleted],https://i.redd.it/ognpzddznr351.jpg,1591657019.0,120,0.98,37,CasualUK,[deleted]
gz9fk1,The enigma that is Gino D'Acampo,,https://streamable.com/1k8t4u,1591654016.0,134,0.97,23,CasualUK,boogie_boots
gz8zhr,Peak decadence.,,https://i.imgur.com/4rjgTrP.jpg,1591652770.0,215,1.0,34,CasualUK,cubbish
gz8amb,Homemade British Classics,,https://i.redd.it/7zwf27gf5r351.jpg,1591650781.0,1763,0.99,64,CasualUK,nk009
gz84fc,28 years ago... before Blair Witch... before Paranormal Activity... There was this unique piece of television history. Never repeated. Never forgotten.,,https://i.redd.it/gshd4j804r351.jpg,1591650301.0,172,0.99,80,CasualUK,A_Song_of_Two_Humans
gz6ufj,"Excuse me, what? Ordered a kebab and this came..",,https://i.redd.it/ujfertkmtq351.jpg,1591646812.0,90,0.91,14,CasualUK,DjDippyEgg
gz6nik,"Chinese munch box ¬£19 from Dorchester, Dorset",,https://imgur.com/ZMmctHs,1591646290.0,8937,0.95,626,CasualUK,LCPThrowa
gz6bfa,Working a layout for my bumblebee blanket and all I can now think of is 'Can I have a P please Bob',,https://i.redd.it/vgmid4y6pq351.jpg,1591645319.0,346,0.98,55,CasualUK,Cladski85
gz65yr,Ocado‚Äôs low price promise...,,https://i.redd.it/qopbe55unq351.jpg,1591644863.0,60,0.93,15,CasualUK,tragictash
gz5r4x,Wimpy 'Bender in a Bun' has been on the menu for 60 years. It's now the 'Mega Burger' but still as awesome as ever.,,https://i.redd.it/5lnrxdl2kq351.jpg,1591643608.0,61,0.9,43,CasualUK,naturenet
gz5qh0,Redoing a room in the house and these were behind the walls,,https://imgur.com/aQd5FIy,1591643549.0,121,0.98,19,CasualUK,pledge42
gz5m1j,Wren with a beakful of spider,,https://live.staticflickr.com/65535/49984850413_6e0cebf5ac_o.jpg,1591643167.0,153,0.99,8,CasualUK,Andy616
gz53tb,"Benefits of living in the north, views like this are only a 30 minute walk away - Redmires reservoir, Sheffield",,https://i.redd.it/g8ll5ea6eq351.jpg,1591641614.0,278,0.96,54,CasualUK,KrB95
gz4jnb,Took this picture of a bee in my garden this afternoon üêù,,https://i.redd.it/ks3mdpq29q351.jpg,1591639899.0,723,1.0,18,CasualUK,ATurtleStranger
gz40l4,Homemade jam tarts for pudding tonight!,,https://i.redd.it/096cog884q351.jpg,1591638269.0,833,0.99,34,CasualUK,Roo90
gz26pw,Took my daughter to feed the ducks and swans this morning. Luckily this fella didn‚Äôt feel like breaking my arm today.,,https://i.imgur.com/nEDG6rJ.jpg,1591632551.0,109,0.98,16,CasualUK,Turbo_Heel
gz1wdy,I just dont want to live on this planet any more,,https://v.redd.it/0vm4rvgdkp351,1591631615.0,5020,0.95,852,CasualUK,PublicRelationTeam
gywzl5,Spotted today in Muswell Hill - a level of petty revenge to which I can only aspire,,https://i.redd.it/0csexlhc0o351.jpg,1591612792.0,309,0.98,57,CasualUK,totteridgewhetstone
gywy75,My Cookie Monster got squished in the bag and now he looks shifty.,,https://i.redd.it/a4vh5hruzn351.jpg,1591612592.0,121,0.96,16,CasualUK,mm42_uk
gywm26,Massive thanks to my mum and dad who have been sending Sunday dinners up to my house every week since lockdown began. This week was lamb.,,https://i.redd.it/ysvni09sun351.jpg,1591610882.0,384,0.95,55,CasualUK,shaun056
gywljn,Felt like I was being watched this morning,,https://i.redd.it/9lydmi7jun351.jpg,1591610799.0,176,0.99,7,CasualUK,[deleted]
gywhqe,What‚Äôs the worst email you‚Äôve sent by mistake?,Unfortunate typo? Slagging someone off and accidentally sent it to said person? Attached an embarrassing photo instead of your CV?,https://www.reddit.com/r/CasualUK/comments/gywhqe/whats_the_worst_email_youve_sent_by_mistake/,1591610280.0,83,0.96,141,CasualUK,MrsOld-Blighty
gywdvl,"As each day passes, I miss you more üíî",,https://i.redd.it/3psiq2bbrn351.jpg,1591609711.0,140,0.96,22,CasualUK,I_Love_Bears0810
gywbt4,Every time someone walks with their laptop in a video meeting,,https://i.imgur.com/rEUi2k9.mp4,1591609400.0,131,0.99,11,CasualUK,gheeboy
gywb12,I miss these guys,,https://i.redd.it/qkzzqayxpn351.jpg,1591609289.0,218,0.91,101,CasualUK,adambadun
gyvtzb,"Not a Constable painting, just a nearby ramble",,https://i.redd.it/kikniddoin351.jpg,1591606807.0,206,0.97,10,CasualUK,yellwat
gyuzel,How many of you work from home that didn't before and want to continue?,,https://www.reddit.com/r/CasualUK/comments/gyuzel/how_many_of_you_work_from_home_that_didnt_before/,1591602996.0,57,0.97,90,CasualUK,FabulousSkunk
gyuxld,The stereotype clearly doesn‚Äôt hold here,,https://i.redd.it/69ptg6fn6n351.jpg,1591602762.0,15495,0.96,195,CasualUK,JBikes
gvualw,"Why is the local Thai place closed? Oh ok, that'll do it...",,https://i.redd.it/yl5xpasy9p251.jpg,1591192245.0,3502,0.99,115,CasualUK,sonicandfffan
gu7cek,A relic from times gone by.,,https://i.redd.it/55ep8kgg46251.jpg,1590960362.0,430,0.99,23,CasualUK,griffaliff
gu3cff,UK vandalism never fails to deliver smiles,,https://i.redd.it/7lymlm3q05251.jpg,1590947017.0,463,0.99,15,CasualUK,NyPandaru
gu2dbe,What a beautiful day!,,https://i.redd.it/l96w5amqq4251.jpg,1590943640.0,229,0.97,9,CasualUK,ATurtleStranger
gu1g7j,A picture my mate clicked on Friday evening. London by üîí down.,,https://i.imgur.com/DOOS0aX.jpg,1590940430.0,777,0.97,21,CasualUK,pr3lentless
8wsmiq,Dont drink on an empty stomach!,,https://i.imgur.com/rmS0J9g.jpg,1530964118.0,169,0.95,40,CasualUK,EddieVolcano
8wsm2o,Always come prepared,[deleted],https://v.redd.it/b1cnhn8aki811,1530963979.0,59,0.9,2,CasualUK,[deleted]
8wskum,Friendly reminder!,,https://i.redd.it/9n50ca1rii811.jpg,1530963479.0,977,0.98,29,CasualUK,___Steve
8wsfpj,A very wholesome family at the hospital. These absolute heroes took an elderly relative from the ward to have a BBQ in the sun.,[deleted],https://i.redd.it/8h5mfzz9di811.jpg,1530961624.0,62,0.97,12,CasualUK,[deleted]
8wse3e,Just seen Tower Bridge being raised,,https://i.imgur.com/Z4e9829.jpg,1530961055.0,159,0.97,21,CasualUK,puppet_life
8wsddp,Every Time,[deleted],https://i.redd.it/4oln9hhuai811.jpg,1530960760.0,737,0.99,5,CasualUK,[deleted]
8wsda7,This is unacceptable,[deleted],https://i.redd.it/rtv96auqai811.jpg,1530960725.0,116,0.96,7,CasualUK,[deleted]
8wsciu,This guy is going to be a very dangerous driver in 2030,,https://imgur.com/Y4ooCum,1530960410.0,332,0.99,14,CasualUK,chelseasaints
8wsbol,The Welsh Guards Perform Three Lions at Buck House,,https://www.facebook.com/ArmyInLondon/videos/1882776585119145/,1530960052.0,61,0.93,6,CasualUK,_tym
8ws4zv,Just fixed my own fridge freezer and now I feel epic.,[deleted],https://www.reddit.com/r/CasualUK/comments/8ws4zv/just_fixed_my_own_fridge_freezer_and_now_i_feel/,1530957416.0,257,0.98,44,CasualUK,[deleted]
8ws3te,Just a casual Saturday morning drive out.,,https://i.redd.it/k14ns19hzh811.jpg,1530956941.0,136,0.99,17,CasualUK,digimac_uk
8ws1iw,Had to travel a bit further than the local cash machine for some cash this morning.,,https://i.imgur.com/dCR22sg.jpg,1530956010.0,188,0.98,43,CasualUK,9DAN2
8ws0ef,Local Petrol Station is making the choice hard?,,https://imgur.com/yFnKhEU.jpg,1530955555.0,61,0.94,13,CasualUK,Remylebeau45
8wrwfb,my small geezers melted in my bag yesterday. they‚Äôre now just one massive geezer,,https://i.redd.it/l3xtcfujqh811.jpg,1530953940.0,214,0.97,29,CasualUK,ellablanks
8wrnad,I knew exactly which house he meant,,https://i.imgur.com/Cnijhmf.jpg,1530950244.0,35238,0.95,591,CasualUK,avant_gardener
8wrjx7,"Probably the greatest thing I‚Äôll ever find (Mojave Desert, Nevada)",[deleted],https://i.redd.it/d1vgpe8jbh811.jpg,1530948886.0,938,0.99,40,CasualUK,[deleted]
8wr8t2,Anyone who goes to ikea today is a traitor... unless they go there with a flaming torch,,https://www.reddit.com/r/CasualUK/comments/8wr8t2/anyone_who_goes_to_ikea_today_is_a_traitor_unless/,1530945065.0,118,0.86,67,CasualUK,Smegma_101
8wqvrh,Yorkshire Train. (Potato Quality),,https://i.redd.it/dlvkhvd8ng811.jpg,1530940713.0,106,0.94,28,CasualUK,majestikm0ose
8wqeb8,Winner winner steak bake,[deleted],https://i.imgur.com/TZVhV0v.jpg,1530935549.0,130,0.97,25,CasualUK,[deleted]
8wq0ey,Good luck to all fellow bartenders working today!,I believe in you and I'm raising a pint of Guinness to you all after my shift. ,https://www.reddit.com/r/CasualUK/comments/8wq0ey/good_luck_to_all_fellow_bartenders_working_today/,1530931655.0,117,0.98,13,CasualUK,jasper-d
8wpgsz,After the last match precautions must be taken.,,https://imgur.com/vuHccf4.jpg,1530926400.0,58,1.0,2,CasualUK,DevilmouseUK
8wpb43,"My little town has the first one, guys!",,https://i.redd.it/8oztuuu7cf811.jpg,1530924907.0,59,0.95,16,CasualUK,ValkyrieRain93
8wo67c,The wife made a new friend this evening.,,https://i.redd.it/ym1t2zt8ie811.jpg,1530914820.0,273,0.97,20,CasualUK,DreamPotatoes
8wnwvk,"Everyone's complaining about the heat, but I just want to say I've just moved into a house with a garden for the first time. I love sitting in it in the evening with a couple of drinks.",,https://www.reddit.com/r/CasualUK/comments/8wnwvk/everyones_complaining_about_the_heat_but_i_just/,1530912726.0,65,0.92,30,CasualUK,[deleted]
8wnwpr,I've seen better free gifts in Viz to be honest...,,https://i.redd.it/dt6ieelsbe811.jpg,1530912688.0,51,0.94,15,CasualUK,Blythyvxr
8wnhjo,A Bedfordshire summer evening,,https://imgur.com/ELxO9KF.jpg,1530909383.0,70,0.96,7,CasualUK,SaltireAtheist
8wncsj,Guess the county...,,https://i.redd.it/m3xqwib1zd811.jpg,1530908380.0,166,0.97,25,CasualUK,Inane_in_the_membran
8wnc48,Who is wandering around New York subway stations with Southampton stickers?,,https://i.redd.it/fhguhe4pyd811.jpg,1530908253.0,168,0.97,26,CasualUK,levelselect
8wn4ph,You spend your career risking your life to save others. Sometimes you wonder if you'll ever hit the news for some heroic deed; perhaps even dreaming of what the headline might be on that historic day.,,https://i.imgur.com/WZL0Go5.jpg,1530906740.0,161,0.98,9,CasualUK,GuidingFuzz
8wn2nk,We‚Äôve all been there,,https://i.redd.it/yind3cuvsd811.jpg,1530906295.0,3169,0.97,208,CasualUK,eternaltoffee
8wmaqy,Mate that ain't a bus ticket,[deleted],https://i.redd.it/u4ev9qaabd811.jpg,1530900376.0,61,0.93,5,CasualUK,[deleted]
8wm6cn,"30 degrees, rush hour, road works. Then this bloody hooligan decides to go for a joy ride",,https://i.redd.it/p06yvngt8d811.jpg,1530899547.0,166,0.98,30,CasualUK,HarryGoLocky
8wm3ve,Sacked in the morning!,,https://i.redd.it/5h1ydpz87d811.jpg,1530899056.0,163,0.93,20,CasualUK,DeadYen
8wlzc9,"Garden, beer, music, sunshine and pupper. Not a bad way to end the week.",,https://i.imgur.com/42i3E3m.jpg,1530898201.0,444,0.94,67,CasualUK,MrAndyBear
8wlmt7,This advert makes me want to #die #yaaaaaassss,,https://i.redd.it/a1l4vid9xc811.jpg,1530895711.0,258,0.98,27,CasualUK,heliorm
8wlef6,The bottom of my Maltesers packet,,https://i.redd.it/nft23paesc811.jpg,1530894023.0,156,0.91,20,CasualUK,eseftee
8wlece,They just opened a new gym in front of my house,,https://i.redd.it/whs3cohcsc811.jpg,1530894004.0,112,0.99,9,CasualUK,maestrillo
8wky9h,This gigantic fucking yacht in the middle of the Thames...,,https://i.redd.it/mxeim96jic811.jpg,1530890707.0,103,0.96,25,CasualUK,B4KLASH
8wki40,The recent spate of hot weather attracts scores of these things basking by the river.,,https://i.redd.it/pn2dhsaa8c811.jpg,1530887306.0,162,0.98,15,CasualUK,slicksps
8wkcil,What's the best way to tell my mum to stop using 'cum' in texts and on Facebook?,"I took Sunday off work because my parents are coming down to see me for the day and we'll get Sunday lunch together at a pub. One subject I want to bring up is mum's use of 'cum' on text messages and on Facebook. She uses text speak a lot, and always replaces 'come' with 'cum' (and 'cud' instead of 'could', 'u' instead of 'you', the usual ones). If it was only I or my family seeing it (like in the text messages) then I wouldn't say anything, but because she comments on my Facebook page and puts loads of public statuses on her own page, my housemates have been ribbing me a lot since they found out about it a couple of weeks ago. There's many, many Facebook comments where she has done it, but even in text messages it reads really awkwardly sometimes. A search on my text app has 225 uses from mum using 'cum' in the year since I got my phone, with examples like:

*""Do you wanna cum at the weekend or next weekend? I can pick u up at the station whenever u want""*

*""If u cum now we can go and choose a bed later on""*

*""Shud I cum another weekend then?""*

*""Not sure ill cum tomorrow cos its important for u to rest up and recuperate after an eventful week""*

*""I suppose it may b better to cum at the same time as dad as can see more light longer and feels better at that time.""*

*""Your sister said shell cum now so I'm trying to sort out dates.""*

*""The diabetic nurse cum today while we were having tea (your dad thought she was cumming on Friday so he wasnt ready)""*

*""Can't wait for u to cum on saturday son.""* (that one was posted on my status on Facebook the other weekend and my housemates literally printscreened it and send it all the time on our house WhatsApp group)

Most messages are fairly normal and fine, but it still feels awkward to receive texts from mum that use 'cum'. But with housemates reading out the Facebook ones all the time, I want to put a stop to it (I worry a housemate will get up my mum's page at a party we are having later on, and I don't want to be embarrassed tonight because there's someone coming who I think is pretty great).

But how can I talk to mum about this without it being awkward? She obviously doesn't know what 'cum' means (compared to just using 'come'), and I don't feel in a great position to explain it to her. But I'm getting sick of my housemates referring to my mum and 'cum', and they will keep doing it because mum posts quite often on Facebook. 

- Do I just ""matter of factly"" tell mum what 'cum' means, or try and approach it differently? (she is quite a serious woman)

- Do I ask dad to leave the table while I explain it? He doesn't really text much (when he does, it is in standard English), but most of all dad is very serious and I'm worried about how he'll react if I start talking about what 'cum' means to my mum and his wife.

- Or do I just not tell her and attempt to ask my housemates to stop mentioning it (I'm doubtful they will)?

I've been thinking about what to do since mum confirmed yesterday that they will come up to see me (I was reminded because she put ""me and ur dad will cum at around 11 son, see u then""), and I've been worrying about tonight because the whole 'ribbing by housemates' about this has really stepped up in the past few days.",https://www.reddit.com/r/CasualUK/comments/8wkcil/whats_the_best_way_to_tell_my_mum_to_stop_using/,1530886037.0,198,0.94,62,CasualUK,TopTrumpWANKER
8wk7ft,Keighley buses ready for tomorrow!,,https://imgur.com/WFhhmyW,1530884889.0,73,0.92,10,CasualUK,lottielou02
8wk2j5,"""Your Highness, I have a great idea""",,https://i.redd.it/q4bnkc9uxb811.png,1530883763.0,140,0.89,2,CasualUK,PM_mePicturesYouLike
8wk2fx,This is the queue for the bus when tourists are in town. I‚Äôm fuming,[deleted],https://i.redd.it/bth4uaorxb811.jpg,1530883744.0,64,0.93,26,CasualUK,[deleted]
8wjmrk,in response to the other van advert...,,https://i.imgur.com/vKsRj12.jpg,1530879756.0,62,0.96,10,CasualUK,OverlySexualPenguin
8wjlqp,"It‚Äôs only 25¬∞c today, better get some stew on....",,https://i.redd.it/fqwro705lb811.jpg,1530879478.0,56,0.95,5,CasualUK,Amsterdumb1
8wjga0,Another day in ASDA...,,https://v.redd.it/8hg3pzjpgb811,1530878018.0,764,0.98,69,CasualUK,[deleted]
8wjf2o,Very familiar looking bouncer spotted in Manchester,,https://i.redd.it/5mzp2735eb811.jpg,1530877622.0,58,0.92,23,CasualUK,funkyjim
8wjcya,This World Cup petition is a bit naff isn't it?,"270,000 signatures to force a replay for England Colombia. Someone wanna start a petition to get Colombia banned from football in general? Hefty fine if they so much as even look a ball again. Headbutts, coaching staff assassination attempts, penalty spot scuffery and general fuckaboutism isn't the way to go about winning, especially with a better team. If they want to be bad losers, I'm not above sinking to their level. Nobody threatens the 'coming home' status of MAR ENGERLEND.",https://www.reddit.com/r/CasualUK/comments/8wjcya/this_world_cup_petition_is_a_bit_naff_isnt_it/,1530876961.0,52,0.9,28,CasualUK,MassTacker
8wj7ao,Pub rules.. still applicable,,https://i.redd.it/w0xziltg8b811.jpg,1530875238.0,147,0.95,34,CasualUK,aff_it
8wj2ik,Let's put two sauces that look the same in the same box,,https://i.redd.it/p3dhl4gw3b811.jpg,1530873679.0,53,0.89,26,CasualUK,[deleted]
8wiyc9,I stumbled across Alan Partridge's Reddit account the other day.,,https://i.imgur.com/RB0XFUn.png?1,1530872251.0,114,0.96,56,CasualUK,margaerytyrellscleav
8wiwyu,Spotted in Mosley,,https://i.redd.it/fu2cb27bya811.jpg,1530871802.0,73,0.98,12,CasualUK,Delkin_
8wis2p,"Van advert, not sure what kind of business.",,https://i.redd.it/kqc9t0u9ta811.png,1530870127.0,99,0.95,11,CasualUK,Maexa
8wir3o,Seen this morning on the Tube,,https://i.redd.it/43w3mht6sa811.png,1530869786.0,79,0.71,18,CasualUK,shrub_-_rocketeer
8wioi9,FIFA Unforeseen circumstances 2018,[deleted],https://i.redd.it/t2kahtumpa811.jpg,1530868895.0,609,0.97,27,CasualUK,[deleted]
8wiina,So my name's been wrong all my life...,[deleted],https://www.reddit.com/r/CasualUK/comments/8wiina/so_my_names_been_wrong_all_my_life/,1530866864.0,78,0.98,53,CasualUK,[deleted]
8wicbe,Extremely temporary job by looks of it.,[deleted],https://i.redd.it/5weroxwpca811.jpg,1530864536.0,286,0.98,22,CasualUK,[deleted]
8wibq7,Our lad ordered a 'small breakfast' at Gatwick Spoons yesterday and this is what showed up,,https://i.redd.it/bt0pek34ca811.jpg,1530864334.0,1038,0.98,165,CasualUK,SpikeVonLipwig
8wi24i,Pub in the UK at 12 pm,,https://v.redd.it/xym63pvhh7811,1530861035.0,9135,0.94,516,CasualUK,phantirk
8whyk9,World Cup Thread: Day 22,"FOOTBALL IS BACK ON THE MENU


Quarter finals:


Uruguayüá∫üáæ vs Franceüá´üá∑ 3pm, ITV

Brazilüáßüá∑ vs Belgiumüáßüá™ 7pm, BBC",https://www.reddit.com/r/CasualUK/comments/8whyk9/world_cup_thread_day_22/,1530859912.0,58,0.95,376,CasualUK,Logic_Loves_You
8wf6lp,"I got this new furniture from IKEA, could someone help explain the instructions?",,https://i.redd.it/gou1emr6r7811.jpg,1530833126.0,61,0.92,10,CasualUK,Mkbw50
8wemjj,Watching the World Cup penalty shootout between England and Colombia without disturbing anybody is about as polite and English as it gets,,https://v.redd.it/nzooxv0bl6811,1530828547.0,218,0.98,8,CasualUK,Possiblyreef
8wdvz0,I made another pie. Just as rustic. Just as delicious. Nobody's birthday this time.,,https://i.redd.it/eu5wzb28x6811.jpg,1530823021.0,71,0.95,26,CasualUK,Duvetmole
8wdckl,Tragic Life Stories,,https://i.imgur.com/oYiFzyD.jpg,1530819123.0,852,0.99,48,CasualUK,ObeseCarrot
8wcvxn,District nurses in Ellesmere Port celebrating 70 years of the nhs,,https://i.redd.it/8f0eqd5ob6811.jpg,1530815754.0,74,0.93,9,CasualUK,getnanar95
8wcjyd,"Honestly, it's not a terrible rebranding.",,https://i.redd.it/z31mlfb546811.png,1530813362.0,483,0.98,20,CasualUK,Migale038
8wc69z,Why doesn't Take Me Out also have a round of 30 single men and a single woman who tries to get a date?,,https://www.reddit.com/r/CasualUK/comments/8wc69z/why_doesnt_take_me_out_also_have_a_round_of_30/,1530810580.0,54,0.93,21,CasualUK,[deleted]
8wc47r,"Adding ""have a good day"" after saying ""cheers mate"" to a retail worker because you are an absolute saint",Genuine salt of the earth,https://www.reddit.com/r/CasualUK/comments/8wc47r/adding_have_a_good_day_after_saying_cheers_mate/,1530810189.0,82,0.94,34,CasualUK,elmoape
8wbulk,I don't even watch football,,https://i.redd.it/td6f47b7p5811.jpg,1530808281.0,2097,0.98,193,CasualUK,ChemicalGoomba
8wbpvo,The dangers of wild Scotland.,,https://i.redd.it/g4dbgowlm5811.jpg,1530807328.0,155,0.97,10,CasualUK,letsmakemonkey
8wbm2o,FUCK OFF FUCK OFF FUCK OFF,,https://i.redd.it/x60e7nlbk5811.jpg,1530806560.0,105,0.92,57,CasualUK,millsytime
8wbkv8,"On Tuesday, 'Three Lions' was streamed 450,000 times on Spotify.",,https://twitter.com/SpotifyUK/status/1014502723788648448,1530806340.0,265,0.95,41,CasualUK,BrightPlastic
8wbenk,When Danny Dyer goes in for a detailed look,,https://imgur.com/qdfoQGT.jpg,1530805064.0,4080,0.97,168,CasualUK,Greganor
8wb0nx,Hopeless I know but last night some prick stole plants off my driveway and I wonder if anyone recognises the work vehicle he was using? [Manchester],[deleted],https://v.redd.it/z5qko202i4811,1530802115.0,61,0.95,15,CasualUK,[deleted]
8wb0e8,Peep Show,[deleted],https://www.reddit.com/r/CasualUK/comments/8wb0e8/peep_show/,1530802059.0,124,0.95,92,CasualUK,[deleted]
8wamfw,This couple has had a busy week,,https://i.redd.it/zipdj5zgx4811.png,1530798950.0,355,0.98,10,CasualUK,mickeahola
8walw5,Sat my practical driving test today. Managed to fail six times in one test.,"Fuck 


edit:  rebooked for july 31st. hope i pass",https://www.reddit.com/r/CasualUK/comments/8walw5/sat_my_practical_driving_test_today_managed_to/,1530798818.0,69,0.96,78,CasualUK,loner0803
8wafoy,Finally got a decent picture of London during sunrise today,,https://i.redd.it/n68pugjvs4811.jpg,1530797328.0,788,0.98,45,CasualUK,[deleted]
8w9ni5,Nothing worse than having a poo in Tesco toilets that have overly conservative light sensors.,I‚Äôm sat here in the dark hoping someone walks in... help!!! üôã‚Äç‚ôÇÔ∏è,https://www.reddit.com/r/CasualUK/comments/8w9ni5/nothing_worse_than_having_a_poo_in_tesco_toilets/,1530789550.0,59,0.96,25,CasualUK,PizzaChipsCan
8w9hy7,Spotted in Green Park,,https://i.redd.it/t19i7t2404811.jpg,1530787712.0,184,0.97,10,CasualUK,lostoystercard
8w9h9b,People of a certain age might remember this as a massive treat and a chance to have a posh tea out.,,https://i.imgur.com/TsggCuY.jpg,1530787476.0,50,0.93,40,CasualUK,Monsis101
8w94yw,"No idea what they are teaching the kids on Cbeebies nowadays, looks interesting though.",[deleted],https://v.redd.it/q82bkepkm3811,1530783188.0,512,0.98,88,CasualUK,[deleted]
8w9498,The robots are taking over!,[deleted],https://i.redd.it/f5vmcao1m3811.jpg,1530782926.0,81,0.92,6,CasualUK,[deleted]
8w8svv,Joined my local towns Facebook group - I didn't think it'd be this bad,,https://i.redd.it/hjhbiv3a93811.jpg,1530778630.0,140,0.99,36,CasualUK,Gilgaland
8w8goc,Rare image of shopping trolleys in their natural habitat,,https://i.redd.it/76ytad8cw2811.jpg,1530774294.0,101,0.96,15,CasualUK,StardustOasis
8w8d2j,Y‚Äôalright love?,,https://metro.co.uk/video/crow-sounds-like-yorkshire-1720544/?ito=vjs-link,1530773066.0,55,0.94,11,CasualUK,idlewildgirl
8w8bn8,Extreme Thomas,,https://v.redd.it/dgyqh2ra0u711,1530772600.0,93,0.95,5,CasualUK,fireball_73
8w7zet,Happy birthday!,,https://i.redd.it/tjivqd11f2811.png,1530768456.0,10454,0.94,485,CasualUK,glados1991
8w6i9i,"I live in San Francisco, and in a moment of homesickness I flew an England flag from my lounge window at the start of the World Cup...",[deleted],https://www.reddit.com/r/CasualUK/comments/8w6i9i/i_live_in_san_francisco_and_in_a_moment_of/,1530752567.0,276,0.96,20,CasualUK,[deleted]
8w5pgo,Standard Morrisons,,https://i.redd.it/26ckjfhnf0811.jpg,1530744461.0,553,0.99,39,CasualUK,temdiddies
8w5f1l,Not everybody's mum has a suit of armour in their bloody living room.,,https://i.redd.it/67s0x35b70811.jpg,1530741774.0,152,0.97,42,CasualUK,Uncle_Leo93
8w5cre,when will it end,,https://i.redd.it/5gcirys160811.jpg,1530741224.0,57,0.95,24,CasualUK,plaaosert
8w5334,Just another day in the old UK,,https://i.redd.it/7pgthrb6zz711.jpg,1530738913.0,357,0.98,11,CasualUK,RDenno
8w4wqh,"It needs to hurry up and fucking rain, the earth is being scorched.",,https://i.redd.it/1s6zmf0xuz711.jpg,1530737482.0,59,0.95,15,CasualUK,millsytime
8w4cq0,PLEASE DESTROY THE SWEDES.,"As a finn, i and many others are counting on you to remove Sweden from the world cup. Erase them. We finns never win anything, and the swedes are our historical rivals, which means they are not allowed to win anything either. I, and the rest of the finnish population are counting on you. Give it your all!

(Sorry for any eventual spelling mistakes, my english isn't all that good)",https://www.reddit.com/r/CasualUK/comments/8w4cq0/please_destroy_the_swedes/,1530732980.0,575,0.95,138,CasualUK,random_cosmonaut
8w495r,These new plastic bags are much better than the 5p ones,,https://i.redd.it/io63xkr1fz711.jpg,1530732186.0,196,0.91,75,CasualUK,MahoganyHandsome
8w4653,Have a... Not that sort of break!,,https://i.redd.it/2vg7uni0dz711.jpg,1530731461.0,73,0.98,8,CasualUK,ExiledWurzel
8w3yus,Not sure I see the relation.,,https://i.redd.it/hvq97wk28z711.jpg,1530729801.0,189,0.98,27,CasualUK,danjuanspan
8w3tsf,Went to see these Chinese geezers yesterday,,https://i.redd.it/q7zevkvl4z711.jpg,1530728634.0,57,0.95,18,CasualUK,SpicyCactus98
8w3dd5,An old CD my friend gave her kids,,https://i.imgur.com/OtbAgp9.jpg,1530725074.0,64,0.94,26,CasualUK,HonoraryMancunian
8w3cnj,"No luck catching them swans, then?",,https://twitter.com/bbcpointswest/status/1014490859704897536?s=19,1530724921.0,51,0.97,3,CasualUK,OwlsParliament
8w3ae7,"""Can you just sign in the box please? Just anywhere""",,https://i.imgur.com/hvvyzDA.jpg,1530724424.0,2227,0.99,107,CasualUK,atomiconion888
8w34nw,Walked past a homeless man who politely told his playful dog to 'stop being a sausage',[deleted],https://www.reddit.com/r/CasualUK/comments/8w34nw/walked_past_a_homeless_man_who_politely_told_his/,1530723224.0,78,1.0,9,CasualUK,[deleted]
8w2p2d,Crow with Yorkshire accent caught on film,,https://www.bbc.co.uk/news/av/uk-england-leeds-44713074/pied-crow-with-yorkshire-accent-filmed-in-knaresborough,1530719935.0,101,0.97,14,CasualUK,fireball_73
8w2lke,"It hasn't rained for two weeks where I am, all the grass has turned yellow.",,https://i.imgur.com/aknm1sO.jpg,1530719157.0,71,0.96,9,CasualUK,Dank_Edits
8w2kfo,These two signs always make me imagine parking up and getting to ride in space.,,http://imgur.com/6QsvJkx.jpg,1530718897.0,211,1.0,13,CasualUK,[deleted]
8w2jrp,Cricket in the North,,https://i.redd.it/fdk86xq7by711.jpg,1530718747.0,147,0.98,17,CasualUK,[deleted]
8w2iqz,Nice trick mate,[deleted],https://i.imgur.com/0DMCsTR.gifv,1530718512.0,720,0.97,64,CasualUK,[deleted]
8w276i,Seen on my way to Kingston!,,https://i.redd.it/50fvu4rr2y711.jpg,1530715906.0,184,0.98,16,CasualUK,Rosskillington
8w1uzm,My mother stumbled across a spoon I accidentally left in the garden.,,https://imgur.com/a/LiZAFTi,1530712982.0,358,0.97,73,CasualUK,Cataclysma
8w1r8b,The street art in Shoreditch is so beautiful,,https://i.redd.it/0dlhuskbrx711.jpg,1530712062.0,148,0.97,17,CasualUK,_damned
8w1q44,Lazy Wednesday in the Sun,,https://v.redd.it/muz7dr2cqx711,1530711811.0,98,0.93,1,CasualUK,Androktone
8w1mqe,Which actors would be in the British version of The Expendables?,"We had a two hour chat about this after the football yesterday (after quite a few beers) and we figured out I think the best possible version of a British version of The Expendables (as in a cheesy action movie with classic cast of British actors).

Main characters: Danny Dyer, Vinnie Jones, Jason Statham, 
Ross Kemp, Michael Kaine

Side characters: Alan Ford, Steve McFadden, Tom Hardy, Bob Hoskins.",https://www.reddit.com/r/CasualUK/comments/8w1mqe/which_actors_would_be_in_the_british_version_of/,1530710888.0,60,0.95,92,CasualUK,TopTrumpWANKER
8w1k1d,Demand on the National Grid last night (orange) compared to typical (blue). You can see the entire country going for a piss and opening the fridge for a new beer at the same time,,https://i.redd.it/n837ex5olx711.jpg,1530710155.0,169,0.97,42,CasualUK,fungalnailenthusiast
8w1cg7,This garage at number 57 is great.,,https://i.imgur.com/YtyH9Uo.jpg,1530708092.0,1107,0.99,35,CasualUK,GreenBeret4Breakfast
8w18cw,Can‚Äôt believe I‚Äôm saying this,But does anyone else want it to rain?,https://www.reddit.com/r/CasualUK/comments/8w18cw/cant_believe_im_saying_this/,1530706911.0,147,0.93,69,CasualUK,Captaincadet
8w17jc,Good day to enjoy a pint over the best view of Manchester!,,https://i.imgur.com/yQRfBdR.jpg,1530706676.0,57,0.94,14,CasualUK,9DAN2
8w11sm,Last night someone let off a smoke bomb in our pub. These lads got the Scottish fireman to double check everything after the smoke cleared. I wonder why?,,https://i.redd.it/hyafh3o76x711.jpg,1530704959.0,140,0.97,6,CasualUK,die4codgrimsby
8w10hu,Man photographing a loaf of warburtons bread in the middle of Bolton. As you do,,https://i.redd.it/k83a2o415x711.jpg,1530704560.0,274,0.98,31,CasualUK,onatural
8w0xmv,A welcome surprise,,https://v.redd.it/jy1t28od2x711,1530703700.0,211,0.89,11,CasualUK,[deleted]
8w0ut2,Gary Lineker's son pinched his dads '86 world cup shirt to take to Moscow,,https://twitter.com/GaryLineker/status/1014197817223544832,1530702757.0,127,0.98,15,CasualUK,quinn_drummer
8w0t7t,Day 29 of the heat. Supermarket freezers have broken. Sunburn everywhere. Public transport is off. It‚Äôs been a week since I‚Äôve seen any Fanta lemon. Send help.,Greggs sausage rolls are now hot. ,https://www.reddit.com/r/CasualUK/comments/8w0t7t/day_29_of_the_heat_supermarket_freezers_have/,1530702252.0,133,0.96,28,CasualUK,RabCNoodles
8w0n97,Cold called repeatedly by different numbers so you can‚Äôt block them,,https://i.redd.it/ejjvxyl7sw711.jpg,1530700248.0,55,0.94,49,CasualUK,MiltHinkle
8w0mbg,"When the pub is rammed, so you put your table number on your head",,https://i.redd.it/ewodk117rw711.jpg,1530699923.0,151,0.96,2,CasualUK,rajsmattu
8w0m5g,I have discovered traitors living within my neighbourhood!,,https://i.imgur.com/QCQB8I4.jpg,1530699863.0,836,0.98,136,CasualUK,Jampine
8w0e8l,"Found some old photos of my village, so i took new photos and added them as a comparison. Thought you might enjoy",,https://imgur.com/a/ujaiSXe,1530697143.0,141,0.99,16,CasualUK,EdwardTennant
8w09mk,Worst themepark in the UK?,"Been thinking about going back to visit some sites from my childhood and ended up looking at Blackgang Chine on the Isle of Wight. Can't believe how ropey it looks - and much of it hasn't changed since I visited in the early 1990s. I forgot delights such as the 'Rumpus Mansion' and the 'Mouth of Hell' - which is literally a large plastic mouth that you can walk in.

Trying to find some more crap themeparks. Shame Crinkley Bottom has closed down as that was always a bit naff too.",https://www.reddit.com/r/CasualUK/comments/8w09mk/worst_themepark_in_the_uk/,1530695448.0,60,0.97,153,CasualUK,mrcchapman
8w05s6,Ian Wright's reaction to England's win is just wonderful.,,https://streamable.com/gxitk,1530694064.0,478,0.96,44,CasualUK,Hassaan18
8w007j,I‚Äôm an Expat in Germany. Woke up to see this drawn on the road in front of our house after last nights win.,,https://i.redd.it/koizxi9p3w711.jpg,1530692031.0,16446,0.92,653,CasualUK,britawayDE
8vzcho,Maybe I'll skip my shower this morning.,,https://i.imgur.com/2MLmoCc.jpg,1530684453.0,62,0.9,48,CasualUK,nuddley
8vz006,"Let us today celebrate our great victory in chasing those layabouts who wouldn't pay their taxes, along with that massive financial burden they called a country, out of our wonderful Empire.",,https://i.redd.it/qz9unbhy5v711.jpg,1530680727.0,114,0.96,33,CasualUK,BenedickCabbagepatch
8vw48b,People shit on M&amp;S for being expensive,"But their custard creams are filled all the way to the edge.

Meanwhile Asda custard creams are mostly empty biscuit shells.",https://www.reddit.com/r/CasualUK/comments/8vw48b/people_shit_on_ms_for_being_expensive/,1530654153.0,116,0.95,63,CasualUK,bhavv
8vvwir,My dog just nearly walked in this. There‚Äôs a special place in hell for cunts that do this.,,https://i.redd.it/dti4e3q8us711.jpg,1530652526.0,298,0.96,40,CasualUK,millsytime
8vvrgr,ENGLAND 1-1 Colombia (5-4 on pens),"IT'S FUCKING COMING HOME!

Edit: the penalties were actually 4-3 but WHO GIVES A FUCK IT'S COMING HOME! GET IN DIER YOU STONE COLD KILLER!


[WE'RE GONNA SCORE ONE MORE THAN YOU!](https://youtu.be/va6nPu-1auE)

Edit: Hahaha love the reaction to this, imagine what'll happen when we win!",https://www.reddit.com/r/CasualUK/comments/8vvrgr/england_11_colombia_54_on_pens/,1530651480.0,4432,0.88,963,CasualUK,jptoc
8vvdmg,The most English history of Britain I have ever read.,,https://i.redd.it/isyvwiy2is711.jpg,1530648415.0,85,0.97,4,CasualUK,Tennnujin
8vudqk,We can now submit dashcam (or other) footage of shit [Illegal] Driving to this site,,https://www.nextbase.co.uk/national-dash-cam-safety-portal/,1530641002.0,49,0.85,27,CasualUK,Yeorge
8vu388,Paying ¬£3 for a beef salad sandwich and getting this... Cheers supermarket lunch.,,https://i.redd.it/9p485vlxpr711.jpg,1530638952.0,108,0.95,32,CasualUK,Sugarpinkloz
8vtxdo,It always brings a smile to my face when the BBC reports about itself in 3rd person like its some kind of sentient presence,,https://i.redd.it/j995rt4emr711.jpg,1530637757.0,344,0.98,36,CasualUK,Jon1292
8vtq5h,"I can't open my bedroom windows because these basards are nesting in my wall, and I'm allergic to the little sh*ts.",,https://v.redd.it/5hxlbslhhr711,1530636365.0,62,0.93,36,CasualUK,justhowulikeit
8vtd6e,"TIL that in 2010, a man from the West Midlands, UK, was arrested for recording his neighbour‚Äôs noisy dogs and playing the noise back at his neighbour.",,https://www.telegraph.co.uk/news/uknews/7966229/Neighbour-records-barking-dog-and-plays-it-back-at-full-volume.html,1530633733.0,86,0.96,8,CasualUK,[deleted]
8vt7lz,Pretty sure Will Smith has never said this,,https://i.redd.it/pfd710jz6r711.jpg,1530632576.0,1056,0.99,64,CasualUK,ScaryChicken
8vt6pq,This made me giggle like the big kid I am,,https://i.redd.it/gjw4uip66r711.jpg,1530632377.0,53,0.9,3,CasualUK,DangerousMousePad
8vsojz,Casual reminder,"There have been two large field fires near my house in the last couple of days. One is currently still going as we speak. [The previous one burned 10 acres of fields and destroyed some farm buildings, as well as closing a major link road for 8 hours.](https://www.bbc.co.uk/news/uk-england-beds-bucks-herts-44687197)

If you smoke, or know anyone that does, PLEASE ensure that the stub is completely extinguished before getting rid of it. The fields are so dry, they ignite so easily at the moment.

I'm not implying that was the cause of either fire, but reducing the risk of any further fires would be appreciated.",https://www.reddit.com/r/CasualUK/comments/8vsojz/casual_reminder/,1530628539.0,70,0.95,17,CasualUK,Toffee_Wheels
8vsmdl,My balcony is literally hot enough to cook an egg on right now.,,https://i.redd.it/mwxk2qdltq711.jpg,1530628074.0,136,0.92,27,CasualUK,vbloke
8vsjhr,You shouldn't laugh at other people's misfortune really but I couldn't help chuckling at this pair of dickheads.,,https://www.msn.com/en-gb/travel/news/couple-sent-home-from-greece-30-minutes-into-first-foreign-holiday-after-losing-passports-on-plane/ar-AAzw7B2,1530627404.0,58,0.93,57,CasualUK,panicky_in_the_uk
8vshp1,"""It always rains in England"" they say....",,https://i.redd.it/5h0hih4eqq711.jpg,1530627011.0,495,0.99,65,CasualUK,Shadow149
8vsfql,Some absolute idiot dumped litres of rancid fast food oil (including bits of kebab) outside my flat that caused 3 motorcycle incidents in the space of 10 minutes.,,https://imgur.com/a/IWve2jl,1530626591.0,121,0.99,17,CasualUK,Anathemachiavellian
8vsff1,I've made a minimalist poster celebrating every guys summer here in the UK.,,https://imgur.com/ntfOrrN,1530626515.0,213,0.94,22,CasualUK,albo_underhill
8vs3ww,Here are some of the UK's most haunted pubs. I've been to the Mermaid Inn and the scariest thing was the price for a pint of Peroni.,[deleted],http://themalestrom.com/weird-world-the-most-haunted-pubs-in-the-uk/,1530623759.0,75,0.93,29,CasualUK,[deleted]
8vs23a,It‚Äôs so hot outside the weather killed my phone!,,https://i.redd.it/rohpgkzgfq711.jpg,1530623322.0,125,0.95,24,CasualUK,urbanpandauk
8vrn5x,Found a relic of a bygone era :(,,https://i.redd.it/11nqmdwy3q711.jpg,1530619457.0,178,0.96,35,CasualUK,margretstangypussy
8vrd4f,Another example from the cutting edge of graffiti in London,,https://i.redd.it/5q4x98jwup711.jpg,1530616405.0,223,0.98,21,CasualUK,MrJ1Anton
8vras9,Local coop were selling cans of monster for 1p so I did the only rational thing and bought the whole shelf,,https://i.imgur.com/1JWa3QG.jpg,1530615675.0,188,0.92,77,CasualUK,PensivePengu
8vr73j,The Queue system for Wimbledon is so British,,https://i.redd.it/1nl2jwt3pp711.jpg,1530614464.0,79,0.95,21,CasualUK,AmbroseWith
8vr5gn,Let‚Äôs all have a doobie lad.,,https://i.redd.it/sooo4qvfnp711.jpg,1530613896.0,442,0.98,89,CasualUK,Diastolic
8vr4mr,"After spending 2 months in the desert, being back in the lush greenery of the UK reduced me to tears. Hayfever is a prick.",[deleted],https://www.reddit.com/r/CasualUK/comments/8vr4mr/after_spending_2_months_in_the_desert_being_back/,1530613623.0,257,0.99,29,CasualUK,[deleted]
8vr115,This lovely weather is bringing out the best in the british countryside,,https://i.redd.it/l82zllbzip711.jpg,1530612449.0,686,0.98,40,CasualUK,pittabread770
8vqfv1,"TIL There is a British cemetery in Colombia's capital, Bogot√°, donated in thanks to the British who fought for Colombia's independence",,http://mikesbogotablog.blogspot.com/2010/11/patch-of-england-in-bogota.html,1530604819.0,91,0.97,5,CasualUK,Ipecacuanha
8vqffe,World Cup Megathread: Day 19,"Is there a big game of football on today? I wouldn't know! Final round of last 16 matches, they've saved the best till last.

3pm: Sweden 1 v 0 Switzerland (BBC 1)

7pm: Colombia v England (ITV 1) ENGLAND WIN ON PENALTIES. GET THE FUCK IN!

COME ON THE LADS/IT'S COMING HOME

Also, because I spoil you all, [here's a tune from Gazza to get you in the mood](https://www.youtube.com/watch?v=dU0-fmKI0lU)",https://www.reddit.com/r/CasualUK/comments/8vqffe/world_cup_megathread_day_19/,1530604654.0,105,0.95,2124,CasualUK,_rickjames
8vqeh5,I made a Wimbledon robot,,https://v.redd.it/h9nhhya3uo711,1530604348.0,243,0.94,24,CasualUK,craftyrobot
8vqcco,There was a bee on the tube this morning,"Let me tell you, that was fucking chaos. ",https://www.reddit.com/r/CasualUK/comments/8vqcco/there_was_a_bee_on_the_tube_this_morning/,1530603586.0,143,0.98,31,CasualUK,millsytime
8vq7zb,Watch out for that first step,,https://i.redd.it/tra38p6boo711.jpg,1530602103.0,63,0.88,17,CasualUK,feenbank
8vq3qr,Neymar would fit right in here,,https://i.redd.it/3xrihb1bko711.jpg,1530600751.0,17692,0.91,568,CasualUK,Tsubasa_sama
8vmx2x,I think the heat is getting to some people...,,https://i.redd.it/hpiuemuv2m711.jpg,1530570662.0,202,1.0,16,CasualUK,aedowin
8vmu9b,Looks like someone does need roads after all,,https://i.redd.it/03uly63y0m711.jpg,1530570014.0,68,0.97,3,CasualUK,curlycashews
8vmsx0,Ahhh classic name for a place in the U.K.,,https://i.redd.it/ycpzplh10m711.jpg,1530569715.0,153,0.97,49,CasualUK,The2WheelDeal
8vml91,Time for a brew,,https://i.imgur.com/zCYwgYq.jpg,1530568052.0,77,0.98,5,CasualUK,Lyonator
8vmbn8,Lancaster Evening,,https://imgur.com/86Aii5N,1530566011.0,50,0.95,5,CasualUK,gsurfer04
8vmbgr,Don't want to drink from the bottle in public? Grab a glass of wine in a bag.,,https://i.redd.it/7ffmclkvol711.jpg,1530565975.0,73,0.95,27,CasualUK,Grant_18
8vm5p6,The tea alarm,,https://i.redd.it/dhy8sn91kl711.jpg,1530564747.0,87,0.95,15,CasualUK,Phendrena
8vm0vw,"Hey r/CasualUK, you are this month's featured sub on r/CasualConversation!",,https://www.reddit.com/r/CasualConversation/comments/8vm0fd/this_months_neatured_sub_rcasualuk_threads/,1530563712.0,73,0.95,52,CasualUK,tizorres
8vlo85,"Kids now are witnessing Toys-R-Us closing and we saw the same with Woolworths(Woolies), spent HOURS in there as a kid.",,https://i.redd.it/6jj2wx1aal711.jpg,1530561079.0,401,0.97,66,CasualUK,merryhedgehog
8vl8g1,Custard Creams on top of Snowdon,,https://i.redd.it/p3cnp5tl0l711.jpg,1530557792.0,100,0.9,23,CasualUK,liam1130
8vkqbt,"TIL that the Police Station ""Hot Fuzz"" is set in is a real operational station and that in honour of the film Avon and Somerset Police erected a giant fibreglass swan outside of the police station.",[deleted],https://imgur.com/tXrjsgD,1530554177.0,1007,0.99,70,CasualUK,[deleted]
8vk9ul,"I bloody love you, Co-op!",,https://i.redd.it/fdrvb3k8gk711.jpg,1530550944.0,341,0.95,46,CasualUK,JerkyOnassis
8vk8em,Can we all agree that Fred Dibnah was a national treasure?,[deleted],https://www.youtube.com/watch?v=3R3-YwDZrzg,1530550664.0,152,0.96,45,CasualUK,[deleted]
8vjypy,Is it me or is BT's sales pitch a bit forceful?,,https://i.imgur.com/lhAmHWL.jpg,1530548737.0,173,0.97,12,CasualUK,nelifex
8vjx4l,Well...,[deleted],https://i.redd.it/47qzt5dq8k711.jpg,1530548414.0,1273,0.96,70,CasualUK,[deleted]
8vjqwu,Didnt know were to post but anyone know the species of this duck?,,https://i.redd.it/qtlxzms45k711.jpg,1530547208.0,50,0.91,24,CasualUK,Kataytay_14
8vjd6w,Police Officer helps Mama duck and her ducklings cross tram line in Nottingham,,https://v.redd.it/c0b9sy3b2j711,1530544216.0,454,0.98,23,CasualUK,blorg
8vjc1b,"The best place for a biro, rubber, protractor and compass.",,https://i.imgur.com/CnoYnUq.jpg,1530543961.0,151,0.96,24,CasualUK,TopTrumpWANKER
8vioaq,Blackpool,,https://i.redd.it/mk4prr7efj711.jpg,1530538557.0,85,0.97,5,CasualUK,Mickmas123
8vii6t,CO2 shortage + heatwave making cans explode in the vending machine... catastrophic,[deleted],https://i.redd.it/thtgoyuxaj711.jpg,1530537051.0,115,0.96,16,CasualUK,[deleted]
8vignh,Absolute nostalgia,,http://imgur.com/RPzU6ot,1530536682.0,2796,0.97,104,CasualUK,360langford
8vi7a4,"Bit different place to have my lunch compared to home or office, quite good going on client‚Äôs sites sometimes.",,https://i.redd.it/vimd165e2j711.jpg,1530534179.0,62,0.97,13,CasualUK,Mirbeau
8vhza8,I think everyone here has owned at least one of these bad boys.,,https://i.redd.it/1irfq2skvi711.jpg,1530531884.0,2259,0.97,203,CasualUK,[deleted]
8vhpfh,Fly tipping with all your contact details on your rubbish.,[deleted],https://i.redd.it/5gf3leq2mi711.jpg,1530528688.0,810,0.99,110,CasualUK,[deleted]
8vhnyr,Enough is enough: let's reopen the Tower of London,,https://twitter.com/newscomauHQ/status/1013667813242949633,1530528150.0,60,0.93,10,CasualUK,TopTrumpWANKER
8vhev5,The cheek of easyJet to call this a ‚Äòdeal‚Äô,,https://i.redd.it/5zo359l2bi711.jpg,1530524988.0,190,0.97,81,CasualUK,_Clarkey_Bent
8vgvfj,Mad Lad Gary,,https://imgur.com/XBMMWMd,1530517722.0,952,0.96,62,CasualUK,jmsls
8vgutn,Man cycling with shopping trolley on his head.,[deleted],https://imgur.com/38W7fAX,1530517503.0,682,0.99,57,CasualUK,[deleted]
8vgukb,I'm going to a friend's funeral today. He was 40,"Two weeks ago he took his own life.

If you have a friend who you know is struggling, or even just someone you haven't spoken to in a while, drop them a text to see how they are going. It might help, it might not, but there are so many people out there fighting their demons and it may be an internal fight you can't see.

Thank you for reading x",https://www.reddit.com/r/CasualUK/comments/8vgukb/im_going_to_a_friends_funeral_today_he_was_40/,1530517409.0,4434,0.91,272,CasualUK,ClintonLewinsky
8vgr5g,What the hell is this H.R. Giger fuckery on the bottom right corner of the Leicestershire flag?,,https://i.imgur.com/dplDmqY.jpg,1530516186.0,76,0.97,27,CasualUK,loudribs
8vgmxb,CasualUK does charity 2 - THE ACTUAL DONATION BIT!,"A happy Monday to everyone, and I hope you've had a marvelous and boozy weekend in the sun. 

Last week you all nominated and voted for charities to be this sub's official charity for the next three months, and the winner with 26% of the vote was [Campagn Against Living Miserably (CALM)](https://www.thecalmzone.net/)! 

CALM is focused on male suicide - the largest killer of men under the age of 45. 

Without further ado, **[HERE IS THE LINK TO THE JUSTGIVING PAGE](https://www.justgiving.com/fundraising/rcasual-uk)**.

If you wish to donate, please give whatever you feel comfortable with, but as a guideline we think it would be fantastic if we could donate the cost of a pint in your local.

An enormous thanks from all the mods to everyone who has participated. For anyone who missed all this, the links below will catch you up.

[The vote thread](https://www.reddit.com/r/CasualUK/comments/8ususv/casualuk_donates_money_to_charity_2_the_vote/)

[The nomination thread](https://www.reddit.com/r/CasualUK/comments/8tq3ax/rcasualuk_does_charity_round_2_suggestions_thread/)

This thread will be stickied for an amount of time, and then we will put the link in the sidebar.

Good day to you all. Let's help prevent some tragedies.",https://www.reddit.com/r/CasualUK/comments/8vgmxb/casualuk_does_charity_2_the_actual_donation_bit/,1530514845.0,179,0.97,36,CasualUK,joethesaint
8vglw4,Well casual rail station graffiti,,https://i.imgur.com/WPOfaJN.jpg,1530514492.0,121,0.95,6,CasualUK,DataLythe
8vfxnu,What a lovely view out of my bedroom window this morning!,,https://imgur.com/iklBHbu.jpg,1530506621.0,58,0.96,7,CasualUK,SaltireAtheist
8vdjjx,"The full moon rises behind burning moorland near Stalybridge, England, June 26, 2018 (Photo: Anthony Devlin) [1000x642]",,https://i.redd.it/8ilddgfebb711.jpg,1530483170.0,137,0.97,18,CasualUK,eldiddykong
8vda3p,Great sunset today in Cornwall,,https://i.redd.it/5alv3220oe711.jpg,1530480911.0,52,0.9,4,CasualUK,kezzerb
8vcs1z,"If anyone ever wondered where *exactly* Great Britain was, turns out it's on the A646 between Halifax and Burnley",,https://i.redd.it/1wk7ci60be711.png,1530476592.0,532,0.98,49,CasualUK,C_von_Hotzendorf
8vcfyb,Everyone's showing off their nice sunny weather. It was bloody freezing at the start of the year!,,https://i.redd.it/1vl6fo0u2e711.jpg,1530473804.0,107,0.97,34,CasualUK,Froobyxcube
8vc9fm,Glasgow is currently in the middle of a race to see who can get the most cones before they fall,,https://i.imgur.com/iPZKj64.jpg,1530472363.0,439,0.98,32,CasualUK,GregorF92
8vbm86,Am I being tight for thinking that this isnt a good deal?,,https://i.redd.it/kkmjaif2jd711.jpg,1530467150.0,88,0.95,60,CasualUK,dozzell
8vbkx1,Life imitating art,,https://i.redd.it/nz5a2ay3id711.jpg,1530466846.0,127,0.97,12,CasualUK,sarcasticapplause
8vbdsk,Seen in Harrogate,,https://i.imgur.com/pttQKQN.jpg,1530465269.0,208,0.97,13,CasualUK,HonoraryMancunian
8vb8wq,"The state of this feast, I swear the chocolate center used to be bigger",,https://i.imgur.com/hnYeBFy.jpg,1530464207.0,81,0.97,35,CasualUK,TheAlmightyD
8vayj7,"You know you've achieved middle aged mediocrity when your reaction to a boiling hot day is ""I could defrost the freezer easily""",,https://www.reddit.com/r/CasualUK/comments/8vayj7/you_know_youve_achieved_middle_aged_mediocrity/,1530461725.0,115,0.97,23,CasualUK,kumquat_may
8vamyx,"Last week, someone said M&amp;S meal deal in Sheffield is ¬£5, just walked past an M&amp;S in London, not sure whats going on?",[deleted],https://i.redd.it/35jalaznuc711.jpg,1530458944.0,73,0.94,18,CasualUK,[deleted]
8vabuv,"Moving into my own place later this month, mum offered to pick me up some necessities. Absolute unit.",,https://i.redd.it/4tummgzamc711.jpg,1530456125.0,332,0.9,44,CasualUK,BickDiscuit
8va9q9,I‚Äôm absolutely melting,,https://i.imgur.com/n3GYjSF.jpg,1530455541.0,69,0.94,30,CasualUK,evilsalmon
8va3a3,Welcome to Paradise (Aberdeen in a nutshell).,,https://i.redd.it/y53k4lpefc711.jpg,1530453811.0,57,0.95,5,CasualUK,[deleted]
8v9xba,BBC can't even count,,https://i.redd.it/mgdcrog9ac711.jpg,1530452088.0,958,0.99,28,CasualUK,plfftbrgurhh
8v9u99,Mr Men were way ahead of their time. Published 1978.,,https://vgy.me/vVQc30.jpg,1530451206.0,149,0.98,18,CasualUK,emailrob
8v9rlu,The Royal Liver Building - A grade I listed building. 107 years old.,,https://www.flickr.com/photos/theworkof/42388684664/in/dateposted-public/,1530450427.0,115,0.95,19,CasualUK,anagoge
8v9qv8,Spotted Lizzie on the M6,,https://i.redd.it/bb5e559r4c711.jpg,1530450223.0,288,0.97,16,CasualUK,JayDog1989_
8v9piu,Why you should always visit Tesco on Sundays,,https://i.redd.it/nkfsfdpj3c711.jpg,1530449824.0,78,0.92,22,CasualUK,[deleted]
8v9pa8,BBC VHS Intro (1997 - 2003) - no further comment needed,,https://www.youtube.com/watch?v=bQugFV63PiY,1530449742.0,176,0.98,30,CasualUK,[deleted]
8v9niv,York under supernatural attack!,,https://imgur.com/2WfDLgR.jpg,1530449172.0,154,0.98,20,CasualUK,Greganor
8v9d2n,Good old England,[deleted],https://i.redd.it/ayrc3m0iqb711.png,1530445428.0,993,0.97,48,CasualUK,[deleted]
8v922u,How to beat a hangover:,,https://i.redd.it/gzugk2zvcb711.jpg,1530440878.0,89,0.85,49,CasualUK,millsytime
8v90p9,My mum and her dog in the North Wales sunset last night.,[deleted],https://i.redd.it/v6ho7ey5bb711.jpg,1530440271.0,55,0.95,7,CasualUK,[deleted]
8v8y4g,"My Coco Pops tasted bland and shite, so I consulted the box. It's over. I am distraught.",,https://i.imgur.com/MtZDVsX.jpg,1530439161.0,861,0.98,271,CasualUK,DrKrepz
8v8y2m,"Dave are now showing new Top Gear repeats, and this saddens me",,https://i.redd.it/wzi3tpus7b711.jpg,1530439140.0,157,0.93,25,CasualUK,JowG
8v8x85,Political correctness gone mad!,[deleted],https://i.redd.it/46bshxkl6b711.jpg,1530438742.0,148,0.95,2,CasualUK,[deleted]
8v8wrz,Our glorious boys in white doing charity work for cancer research UK,,https://i.redd.it/78eb3p3wc4711.jpg,1530438542.0,74,0.9,13,CasualUK,mattaec
8v8nby,Sunrise on Snowdon this morning,,https://imgur.com/a/ZYZ0GJv,1530434250.0,58,0.93,15,CasualUK,RunningDragons
8v8go1,You people with your weak burger challenge. Move over wimps....,,https://i.redd.it/cvckki2zia711.jpg,1530431458.0,175,0.91,77,CasualUK,unkleskev
8v5tx2,I see your Durham and Newcastle graffiti and raise you York graffiti,,https://i.redd.it/2ztf33hf28711.jpg,1530401016.0,73,0.98,4,CasualUK,DarthWankstain
8v5lig,Bin from my local town ends up in Bulgaria,,https://i.redd.it/rxyuvverv7711.jpg,1530398770.0,1382,1.0,110,CasualUK,Jigsawjme
8v5kve,Life‚Äôs hard in the Cotswolds,,https://imgur.com/gallery/ulvbtNr,1530398595.0,91,0.99,5,CasualUK,beatleforce1
8v5c1t,My student flat view in Manchester,,https://i.redd.it/rdljqr7eo7711.jpg,1530396293.0,56,0.91,11,CasualUK,Mage_PvP
8v4pky,It is my birthday today and my 6 year old neice decorated my birthday cake (my favourite colour is blue),,https://imgur.com/KFQMG7u,1530390627.0,63,0.93,17,CasualUK,lirae666
8v4jth,I just told a barking dog to shut the fuck up,"Couldn't see the bastard but the whole neighbourhood could hear the yappy little dickhead. Gave it about 5 minutes of constant barking until I finally snapped, marched into the garden and, like a drill sergeant on parade, managed the best, ""SHUT THE FUCK UP!"" I could muster.

Did it work? Fuck me did it. Turns out a cat on their shed roof was provoking it. I ended up chucking a pebble at it hoping the cat would scamper off but it's a ballsy little feline so it just sat there metaphorically flipping the V's at me.

Littler cunt rag has finally stopped barking. Cat's got its tongue maybe.",https://www.reddit.com/r/CasualUK/comments/8v4jth/i_just_told_a_barking_dog_to_shut_the_fuck_up/,1530389174.0,74,0.87,16,CasualUK,Sniper_Guz
8v4i28,"Bear statue in Welsh town to be removed after driver swerves to avoid it, thinking it was real",,https://www.bbc.co.uk/news/uk-wales-mid-wales-44578710,1530388765.0,63,0.93,9,CasualUK,meglington
8v3z9c,Previous tenants left us a small pubs worth of glasses,,https://i.imgur.com/5Lotqcn.jpg,1530384245.0,140,0.95,16,CasualUK,tpb1908
8v3xz2,Dont smoke guys,[deleted],https://i.redd.it/jt3xtklnn6711.jpg,1530383945.0,380,0.98,20,CasualUK,[deleted]
8v3vn1,This is how I‚Äôve been watching most of the World Cup. I bloody love a good English Summer!,,https://i.redd.it/pevmbaiyl6711.jpg,1530383380.0,58,0.89,17,CasualUK,DisneyBounder
8v3nlm,A sign in a toilet in an upstairs cafe,[deleted],https://i.redd.it/x701igxng6711.jpg,1530381593.0,744,0.98,12,CasualUK,[deleted]
8v3i25,For a second there I thought Portugal were having a shocker!!,,https://i.redd.it/dni9slmdd6711.png,1530380481.0,278,0.95,16,CasualUK,Robestos86
8v388i,Whenever it gets above 20 degrees,,https://i.redd.it/fa4us2m476711.jpg,1530378378.0,348,0.97,6,CasualUK,TheMGR19
8v36yt,Albert Adams (61) from Lincolnshire is the owner of the world‚Äôs biggest domesticated dog - it makes me proud to be British!,,https://i.imgur.com/JlqXfSy.jpg,1530378100.0,3775,0.96,212,CasualUK,vogSWS
8v3658,Today was a sad day,,https://i.redd.it/3dw4tjhp56711.jpg,1530377915.0,813,0.97,82,CasualUK,jonojack
8v332a,Made friends with a seal while kayaking on the Thames,,https://imgur.com/XpjuobL,1530377175.0,379,0.98,45,CasualUK,peril_sensitive
8v2s86,"u/Old-Blighty , u/little-feet I raise you a Weatherspoons Empire State burger, doubled an extra 3 times. 6/10 with fries and onion rings.",,https://i.redd.it/o0g0usepv5711.jpg,1530374540.0,288,0.92,92,CasualUK,TerrainIII
8v2rpk,The worlds smallest nightclub apparently,[deleted],https://i.redd.it/n3aekhjcv5711.jpg,1530374420.0,118,0.94,11,CasualUK,[deleted]
8v2nm4,"Saw this in Birmingham city centre, feeling liberated.",,https://i.redd.it/nx3rq8x6s5711.jpg,1530373385.0,1761,0.97,128,CasualUK,SublimeParadigm
8v2h2x,Hoard lettuce,,https://i.imgur.com/b9qYLDH.png,1530371637.0,105,0.94,8,CasualUK,klf0
8v27z4,This gave me a little chuckle in Sainsbury‚Äôs earlier!,,https://i.redd.it/o00q2jfvf5711.jpg,1530369214.0,135,0.96,17,CasualUK,carabea293
8v1z1f,I see your Newcastle graffiti and raise you durham graffiti,,https://i.redd.it/z3lol13c85711.jpg,1530366680.0,693,0.98,21,CasualUK,AnotherRandomWaster
8v1j6p,Lovely day at Weymouth Beach,,https://i.imgur.com/k1865UE.jpg,1530361819.0,105,0.96,28,CasualUK,Arcane-Legion
8v1afj,Escaping the hot temperatures down by the river,,https://i.redd.it/2a31sk1zk4711.jpg,1530358848.0,64,0.98,19,CasualUK,[deleted]
8v17zk,Hats off to whoever placed that sticker,,https://i.redd.it/f6ps9ewgg4711.jpg,1530357869.0,83,0.94,5,CasualUK,Sinellius
8v122l,"I always wondered this myself, so I looked it up and someone already did the math......s",,https://www.reddit.com/r/theydidthemath/comments/5ld42w/self_if_busted_sang_about_a_great_great_great/,1530355546.0,52,0.92,12,CasualUK,DeadYen
8v11z7,Full English almost ready. Kettle on. Loving this weather.,,https://imgur.com/HojPsoa,1530355509.0,1306,0.96,75,CasualUK,chilejon
8v0ylr,Made friends with the Queens best mate,[deleted],https://i.redd.it/q9udm88v64711.jpg,1530354078.0,228,0.95,44,CasualUK,[deleted]
8v0urg,If Saturn was as close to the Earth as the Moon is ...,"[Saturn](https://preview.redd.it/j40o5eiu34711.jpg?width=1180&amp;format=pjpg&amp;auto=webp&amp;s=5b59bd730df0dbc61210d44f970885963f5ee630)

A few years ago, I got to thinking how big would the planets appear in the night sky, if they were as close to Earth as the moon is. Here is an image of Saturn over the Liverpool waterfront. Obviously (because physics) water levels around the world would be all to pot, but if you just ignore the sciencey side of things, it gives an idea of just how big some of our planets are. There's a full write up at the link below.

You can see a gallery of the rest of the images of different planets here &gt; [https://www.fotopiaimages.com/if-the-planets-were-as-close-as-the-moon-what-would-the-sky-at-night-look-like/](https://www.fotopiaimages.com/if-the-planets-were-as-close-as-the-moon-what-would-the-sky-at-night-look-like/)",https://www.reddit.com/r/CasualUK/comments/8v0urg/if_saturn_was_as_close_to_the_earth_as_the_moon_is/,1530352647.0,49,0.92,14,CasualUK,danger0usd1sc0
8v0ul8,‚ÄòHealthy‚Äô ‚Äòjam‚Äô ‚Äòdonut‚Äô,,https://i.imgur.com/UMsJQ4R.jpg,1530352565.0,116,0.95,22,CasualUK,liketo
8v0t4z,How many times has this happened that they‚Äôve felt the need to add tea bags to the list,,https://i.redd.it/3val9oih04711.jpg,1530351937.0,110,1.0,25,CasualUK,thatsAhotChip
8v0qaj,A little stream between south oxhey and bushey,,https://i.redd.it/xmoyvl5nw3711.jpg,1530350640.0,82,0.97,10,CasualUK,DangerzDevil13
8v0onb,Tempted like,[deleted],https://i.imgur.com/5dzwdOD.jpg,1530349921.0,58,0.97,12,CasualUK,[deleted]
8v0kok,Absolute carnage on the streets.,,https://i.redd.it/007tn5hap3711.jpg,1530348166.0,488,0.99,51,CasualUK,TheAmishInquisition
8v0kdi,My basic solution to making CO2 to stop the shortage,,https://i.redd.it/ukr3ubnvo3711.png,1530348028.0,1170,0.98,111,CasualUK,arabidopsis
8v0izy,Making tea as a cover to stand in the kitchen and watch the couple over the road have an argument.,"It's too hot for tea but I can't think of any other reason to just stand here. 

Edit: looks like she's leaving, currently packing the kids in to the car and shouting loudly.",https://www.reddit.com/r/CasualUK/comments/8v0izy/making_tea_as_a_cover_to_stand_in_the_kitchen_and/,1530347437.0,156,0.99,47,CasualUK,egvp
8v0ifo,Who needs Cannes when you have Stretford Marina?,,https://i.redd.it/8mmjltbbm3711.jpg,1530347193.0,174,0.96,29,CasualUK,idlewildgirl
8v092q,It's my birthday today and I'll be spending it selling hot sauce in a market next to a barbecue.,Life is good.,https://www.reddit.com/r/CasualUK/comments/8v092q/its_my_birthday_today_and_ill_be_spending_it/,1530343389.0,108,0.96,68,CasualUK,vbloke
8uzfcz,"IMPORTANT: when in a seaside town, Do Not Feed Seagulls","seriously, it makes them brave, and they steal the food of the people who live there. i live in plymouth and just the other day i had half a wrap i got from tesco snatched from my hand by one of those dreadful, dreadful birds.

DO NOT FEED SEAGULLS.

EDIT: Thanks for the gold!",https://www.reddit.com/r/CasualUK/comments/8uzfcz/important_when_in_a_seaside_town_do_not_feed/,1530332886.0,235,0.95,105,CasualUK,deathschemist
8uy6wu,This wondrous Glaswegian street art,,https://i.redd.it/mb24dlhuc1711.jpg,1530319779.0,267,0.97,7,CasualUK,TheMeisterOfThings
8uxarj,"Winter Hill, Bolton. Burning - 29th June.",[deleted],https://i.redd.it/zwn05jl6o0711.jpg,1530311487.0,370,0.99,45,CasualUK,[deleted]
8ux07z,"If anyone finds a set of false teeth in Leigh Delamere services, they're probably mine, I'll pay a healthy reward for their safe return.",[deleted],https://www.reddit.com/r/CasualUK/comments/8ux07z/if_anyone_finds_a_set_of_false_teeth_in_leigh/,1530309017.0,61,0.98,9,CasualUK,[deleted]
8uwaim,The Yorkshire Dales,,https://i.imgur.com/HpCpPtF.jpg,1530303287.0,60,0.95,5,CasualUK,kenbw2
8uw8kz,The right way to say your card reader isn't working,,https://i.redd.it/tc3cy32oyz611.jpg,1530302895.0,191,0.99,1,CasualUK,BaconDblCheesebrger
8uvy2b,He really will be missed.,,https://i.imgur.com/oGzV8t2.jpg,1530300694.0,1225,0.99,28,CasualUK,Camping_is_intense
8uvk0z,Roald Dahl died in 1990. Is Mr Kipling also an exceedingly good necromancer?,,https://imgur.com/a/OfDcKhv,1530297714.0,65,0.94,9,CasualUK,BottleGoblin
8uv9qe,Don't need to read the article. It's obvious. All these idiots are wearing winter clothing.,[deleted],https://imgur.com/SYfPWDg,1530295505.0,211,0.98,14,CasualUK,[deleted]
8uv81t,To the woman on the train from Ely to Stevenage. Put some fucking shoes on.,,https://i.redd.it/jyingm1pbz611.jpg,1530295170.0,102,0.88,40,CasualUK,Chamerlee
8uv4ev,"Dont worry about the crumpets, we've stll got ale!",,https://i.redd.it/l7zsjtqh9z611.png,1530294429.0,94,0.97,11,CasualUK,lesgus
8uuiz3,Winter Hill fire yesterday from 20 Stories in Manchester.,[deleted],https://i.redd.it/jgt3gpggwy611.jpg,1530290062.0,71,0.94,20,CasualUK,[deleted]
8uui2j,"In light of the current Co2 shortage, make me an offer",,https://i.redd.it/g0sn7ylvvy611.jpg,1530289879.0,180,0.97,21,CasualUK,oldskoollondon
8uuczj,"Ah, the height of the British Summer",,https://i.redd.it/qbpyfgopsy611.jpg,1530288811.0,57,0.96,12,CasualUK,sirgrumpycat
8uu6zq,Such vulgar language!,,https://i.redd.it/fxpk0u01py611.jpg,1530287563.0,240,0.99,5,CasualUK,Doctorj128
8utx3c,"Hey Newcastle. Never change, OK?",,https://i.redd.it/wnbw18gmiy611.jpg,1530285393.0,65,0.93,4,CasualUK,smugglers_cove
8utl29,This card reader in Tesco is having a bit of an identity crisis,,http://i.imgur.com/yw4SWM3.jpg?1,1530282768.0,123,0.96,28,CasualUK,vaskemaskine
8utdm9,I accidentally texted the plumber about the stag do,,https://i.redd.it/tbcp80ku5y611.jpg,1530281100.0,787,0.98,69,CasualUK,bkjmiller
8ut3s0,"I‚Äôm hungover and it‚Äôs Friday. That means it‚Äôs triple 1/4 pounder time at McDonald‚Äôs. I‚Äôm not a madlad, just greedy bastard",,https://i.redd.it/3abpi0vmyx611.jpg,1530278754.0,246,0.93,135,CasualUK,Old-Blighty
8ususv,CasualUK donates money to charity 2 - THE VOTE!,"Hello everyone, happy Friday to all!

We've had some cracking suggestions for the new CasualUK charity for the next three months, and it's time to boil it down to ten candidates and get voting. 

[**THE STRAWPOLL LINK IS HERE**](https://www.strawpoll.me/15988543)

Please see each charity's website below to remind yourselves of what these charities are all about.

-----

[Mental Heath Foundation](https://www.mentalhealth.org.uk/) - Mental health and learning disabilities. 

[CALM](https://www.thecalmzone.net/) - Male suicide

[The National Autistic Society](https://www.autism.org.uk/) - Autism

[Guide Dogs](https://www.guidedogs.org.uk/) - Guide dogs for the blind

[Anaphylaxis Campaign](https://www.anaphylaxis.org.uk/) - Severe allergic reactions

[Alzheimer's Research UK](https://www.alzheimersresearchuk.org/) - Alzheimer's disease

[Little Princess Trust](http://www.littleprincesses.org.uk/) - Wigs to children who have lost hair to cancer/illness

[Midlands Air Ambulance](http://www.midlandsairambulance.com/) - Operating air ambulances for 6 Midlands counties

[Safeline](https://www.safeline.org.uk/) - Sexual abuse

[Birchwood Highland](http://www.birchwoodhighland.org.uk/) - Mental health recovery

------

Voting will remain open until the end of Sunday 1st July, at which point we will post the donation page for the winning charity.

Until then, you still have a couple more days to donate to our previous winner Shelter, which you can do [**HERE!**](https://www.justgiving.com/fundraising/casual-uk)

__________________________________________________ 
**A reminder of the idea and the rules** 
 
- We are going to donate money to a chosen charity every quarter. 1st April, 1st July, 1st October, 1st January. 
 
- The charity will be chosen each quarter by yourselves. If charity A is chosen for April, charity A may not be eligible until the following year, to ensure that a different charity receives donations each quarter. 
 

 
- **It must be a registered charity** and It must be UK based. 
 
- The top ten nominations (decided by upvotes) will then go into a strawpoll where we determine the overall winner. Once we have a winner for that quarter, we will create a JustGiving page and have a final thread for donations.  
 
- If you wish to donate to that particular charity, please give whatever you feel comfortable with but as a guideline, we think it would be fantastic if we could donate the cost of a pint in our local.
  


__________________________________________________   



[Nomination thread](https://www.reddit.com/r/CasualUK/comments/8tq3ax/rcasualuk_does_charity_round_2_suggestions_thread/)

(Unfortunately one of the top nominations - Andy's Man Club - is not viable, as it is not a registered charity and does not seem to take donations, so it has been excluded from the poll)",https://www.reddit.com/r/CasualUK/comments/8ususv/casualuk_donates_money_to_charity_2_the_vote/,1530276472.0,55,0.93,23,CasualUK,joethesaint
8usqx0,"The conductor drew this on my ticket the other day, and claimed it was a drawing of me.",,https://i.redd.it/4l7m65nzox611.jpg,1530275428.0,198,0.99,24,CasualUK,FigggerNaggot
8usqdc,Open the door an a Midlander close the door a Northerner,,https://i.redd.it/zs51s8ghox611.jpg,1530275269.0,79,0.89,10,CasualUK,karagang
8usgep,On the back of the Metro this morning,,https://i.redd.it/79v9bkhxfx611.jpg,1530272377.0,356,0.97,19,CasualUK,iiAmDaN
8us7n1,Buy some shrapnel for ¬£30.00 from your local Post Office. That‚Äôs a ¬£26.12 net loss folks. Get them while stocks last.,,https://i.redd.it/rb7in93t7x611.jpg,1530269648.0,188,0.96,25,CasualUK,cheesefreak1
8urzld,"Wholesome village life, summed up nicely in this pic",,https://i.redd.it/1sxckszhzw611.jpg,1530266851.0,329,0.99,30,CasualUK,crzylgs
8ury82,One of the better emails I've had in work today,,https://imgur.com/7VHBB3S,1530266407.0,92,0.98,12,CasualUK,GrumpyYoungGit
8urn0n,Danny Dyer caused a stir last night but let's not forget his touching 9/11 tribute,,https://imgur.com/tdhL7oh,1530262335.0,709,0.97,70,CasualUK,chelseasaints
8urmgm,To the Brit who just spent 5 days in Kefalonia whilst it rained. I‚Äôm on a beach by the airport now. Is this your flight? Taken at 11:45 ish.,,https://i.redd.it/t3cwnvzclw611.jpg,1530262115.0,535,0.97,41,CasualUK,CloggyDutch
8ur9s6,Castles AND empty train carriages? Possibly my leat horrific train journey of the year!,,https://i.redd.it/y5ur89fb7w611.jpg,1530257380.0,193,0.99,26,CasualUK,9agair
8ur8hv,Good morning from West Cumbria.,,https://imgur.com/RjPGeq9,1530256943.0,258,0.98,17,CasualUK,Emsicals
8uoiem,"When its so hot outside, but you can't open your windows due to all these annoying critters",,https://i.imgur.com/OEK9ygD.jpg,1530229167.0,432,0.96,55,CasualUK,bhavv
8unt8a,The best part of the World Cup is the cinema during an England game,[deleted],https://i.redd.it/0j2ykbvtdt611.jpg,1530223247.0,355,0.96,40,CasualUK,[deleted]
8un12u,Used to pick a girlfriend up in the early hours as she worked in a club. I took this pic as I waited. P.s. I‚Äôm sure he turned out fine.,,https://i.redd.it/zx3jeo5svs611.jpg,1530217177.0,77,0.96,22,CasualUK,thisISben90
8umcr7,It's PROPER kicking off round my way,,https://i.imgur.com/hibZCd5.jpg,1530212313.0,67,0.97,31,CasualUK,Doe_Ray_EGON
8um93v,Blimey Alison!,,http://imgur.com/3HHmJnW,1530211584.0,402,0.98,13,CasualUK,[deleted]
8um6jx,Clear up your dog‚Äôs crap! you s___,,https://i.redd.it/q8t3pwhlds611.jpg,1530211060.0,53,0.95,6,CasualUK,ShottazYo99
8ulmrp,I‚Äôve hit the jackpot!,,https://i.redd.it/9569pzmi0s611.jpg,1530207240.0,623,0.98,80,CasualUK,GeeMcGee
8ulmcx,Step 1: My mates take the piss because I order a lager shandy. Step 2: They all have a sip and exclaim how good it is. Step 3: they order one next round.,"Every summer. Stay hydrated, lads.",https://www.reddit.com/r/CasualUK/comments/8ulmcx/step_1_my_mates_take_the_piss_because_i_order_a/,1530207170.0,53,0.94,27,CasualUK,Articulated
8ulgnl,"Alright, which one of you was this? Own up.",,https://i.redd.it/5vwhycmdop611.gif,1530206211.0,51,0.92,4,CasualUK,millsytime
8ul7jk,"What is this? It looks fake but it ain't, is it going to eat me in my sleep?",,https://i.redd.it/mij18jiepr611.jpg,1530204673.0,158,0.97,65,CasualUK,bathroommatt
8ukzff,A particularly British big red bus today,,https://i.redd.it/sdwhny07kr611.jpg,1530203174.0,241,0.97,14,CasualUK,thatsAhotChip
8ukqvu,foriegn cover of a Red Dwarf novel from artist who read the book but never saw the show,,https://images-na.ssl-images-amazon.com/images/I/51X7TL0fy7L.jpg,1530201652.0,538,0.99,131,CasualUK,[deleted]
8uklnq,The Peak District is fucking gorgeous.,,https://i.redd.it/cnnj6zmcbr611.jpg,1530200702.0,112,0.97,11,CasualUK,MrWachamacallin
8uk6qg,Is there a factory somewhere producing these identikit sausage men?,,https://i.imgur.com/hca4lTi.jpg,1530197966.0,78,0.94,69,CasualUK,[deleted]
8ujnn5,"Nice bunch, those Bristol lot",[deleted],https://v.redd.it/jvcu6y64rp611,1530194292.0,111,0.99,11,CasualUK,[deleted]
8ujkvg,"After a year of getting the train to college, here are all the train tickets I‚Äôve collected. 5p coin for scale since I didn‚Äôt have a banana",,https://i.redd.it/txak9qjhjq611.jpg,1530193752.0,130,0.97,44,CasualUK,shrek_the_all_star
8ujhnz,What is art?,,https://i.redd.it/g3j6i9m9gq611.jpg,1530193126.0,68,0.96,11,CasualUK,ToucansBANG
8ujd32,A list of acronyms that teenagers these days are supposedly using. Can‚Äôt say I‚Äôve come across any myself!,,https://i.redd.it/nhr09rubbq611.jpg,1530192186.0,78,0.98,87,CasualUK,NDavis95
8uj88d,You know you‚Äôre in the sticks when you see one of these bad boys.,,https://i.redd.it/n8g56icu5q611.jpg,1530191221.0,146,0.96,31,CasualUK,thisISben90
8uj2zh,Just got this freak of nature of out a tube of pringles,,https://i.imgur.com/jPK9qzJ.jpg,1530190152.0,63,0.98,10,CasualUK,nootyface
8uj2sl,England 2.0,[deleted],https://i.redd.it/ezfb2cdryp611.jpg,1530190109.0,383,0.98,43,CasualUK,[deleted]
8uj08k,"Was bored at work, so investigated what /r/CasualUK looked like as a word cloud.",,https://i.redd.it/kkamqh0qup611.jpg,1530189580.0,56,0.97,23,CasualUK,lordjems
8uitdf,Someone at Sky Sports doesn't know their flags very well,,https://i.redd.it/jjhztgthkp611.jpg,1530188127.0,72,0.92,8,CasualUK,fyrflyeffect
8uis6c,This car was appropriately parked outside the entrance to the local maternity unit. Not sure I've seen a better private plate.,,https://imgur.com/Qxfn6C7,1530187889.0,223,0.97,13,CasualUK,RuthBaderBelieveIt
8uipoo,Well now I‚Äôve seen everything,,https://i.redd.it/6f1152j3ep611.jpg,1530187375.0,177,0.98,22,CasualUK,AaronianKenrod
8uip8u,Any opportunity to mug off the French,,https://i.redd.it/7dhv4bfndp611.jpg,1530187283.0,1514,0.99,59,CasualUK,DuvetCapeMan
8uio9q,Living the dream,,https://i.redd.it/7fvv3o84cp611.jpg,1530187069.0,69,0.97,10,CasualUK,[deleted]
8uim9e,Shhhhh they're sleeping....,[deleted],https://i.imgur.com/c61feyg.jpg,1530186616.0,146,0.96,18,CasualUK,[deleted]
8uie6g,Went for a drive through the beautiful British countryside. Discover an abandoned caravan with some words on it. RIP English.,,https://i.redd.it/p9b83u8bvo611.jpg,1530184737.0,53,0.97,12,CasualUK,thisISben90
8uibzp,"My wife‚Äôs horse died overnight. I‚Äôm going to miss him like crazy. RIP Jazz you beautiful, funny beast",,https://i.redd.it/pfqyp86bso611.jpg,1530184246.0,359,0.91,41,CasualUK,Klopptomaniac
8uhk74,My local park has this essential reserved space. Councils should be legally obligated to provide these in this heat !,,https://imgur.com/gallery/0sGH83a,1530176116.0,106,0.96,9,CasualUK,ianf2k13
8uhiho,A handy lifehack for old crisp packets,,https://i.imgur.com/w5Pqa5w.jpg,1530175356.0,5930,0.95,228,CasualUK,TopTrumpWANKER
8ugzpl,World Cup Megathread Day 15,"Today‚Äôs lineup includes the all important England game

-	Japan v Poland **15:00** BBC2
-	Senegal v Colombia **15:00** BBC1
-	Panama v Tunisia **19:00** ITV4
-	England v Belgium **19:00** ITV

Please keep all football related chat / clips / memes to this post to help us mods out. Thanks! ",https://www.reddit.com/r/CasualUK/comments/8ugzpl/world_cup_megathread_day_15/,1530168934.0,51,0.9,705,CasualUK,GFoxtrot
8ugw9k,"Lovely sunset over the IT20 last night. Doesn't come through well in the photo but you could see the moon in full detail, too.",,https://imgur.com/3FB8WaV,1530167610.0,78,0.94,8,CasualUK,[deleted]
8ugw35,"I had a really weird dream that I was on my motorbike on the M25 and I saw an arm on the hard shoulder, I took it to a nearby service station where someone inspected it and told me it was in fact a drill battery charger and he would happily scrap it for me. Then someone nicked my helmet.","So I couldn‚Äôt get home, until a strange man kindly lent me his Darth Vader helmet which I thought would be adequate protection...

What did you dream about?
",https://www.reddit.com/r/CasualUK/comments/8ugw35/i_had_a_really_weird_dream_that_i_was_on_my/,1530167541.0,237,0.93,85,CasualUK,DeadYen
8ufm0k,Anyone for a quick game of Numberwang?,[deleted],https://www.youtube.com/watch?v=AIxz6BDmTNU,1530152966.0,59,0.89,23,CasualUK,[deleted]
8ueb7m,For when you just can't afford Danny Dyer's own brand of water.,,https://i.imgur.com/lY7K0yP.jpg,1530141137.0,58,0.9,2,CasualUK,freud_laps
8ue3lz,The UK version of Alexa knows... it's coming home!,,https://v.redd.it/oqrifl3kem611,1530139368.0,92,0.9,12,CasualUK,dcalexander2
8udn2l,About as casual as you can get,,https://i.redd.it/94ehv6pc3k611.jpg,1530135656.0,59,0.95,8,CasualUK,Y5K77G
8udh80,3 On-3 Off Nights/Days shifts apparently take years off your life but I'd never go back to 5 days/weekend off. 4am teabreaks take some beating,,https://i.redd.it/7js4gn7pzl611.jpg,1530134402.0,162,0.98,19,CasualUK,crikcet37
8uczg1,They‚Äôre bigger than Piers Morgan‚Äôs ego,[deleted],https://i.redd.it/60u87xkoql611.jpg,1530130713.0,3386,0.98,85,CasualUK,[deleted]
8ucnx6,Don't mess with Dino's.,,https://i.redd.it/sqi8l01wil611.jpg,1530128367.0,119,0.97,44,CasualUK,chostbot
8uch29,When you take cleanliness just a little too far,,https://i.redd.it/8kijjp5ifl611.jpg,1530126950.0,104,0.96,27,CasualUK,deefpearl
8ucc0b,A new logistics arm?,,https://i.imgur.com/vo47MPI.jpg,1530125958.0,61,0.98,7,CasualUK,iledoffard
8uc937,Do people really steal protein bars ü§¶üèª‚Äç‚ôÇÔ∏è,,https://i.redd.it/0e5xwl1pal611.jpg,1530125365.0,57,0.98,35,CasualUK,millsytime
8ub9ic,I've only gone and done it!,,https://i.imgur.com/LkXszmh.jpg,1530118547.0,102,0.88,20,CasualUK,Hassaan18
8uazlk,And you thought people that take up seats sleeping in airports were bastards.,[deleted],https://i.redd.it/7a3kerprkk611.jpg,1530116616.0,80,0.96,20,CasualUK,[deleted]
8uamk7,Local shopping center is really putting some effort in.,[deleted],https://imgur.com/rQ1dflH,1530114027.0,139,0.98,11,CasualUK,[deleted]
8ua6rk,Not being funny but this is light work,[deleted],https://i.redd.it/ozntbpub3k611.jpg,1530110750.0,702,0.99,127,CasualUK,[deleted]
8u9dww,TheTrainLine gave me 2017 years to make my connection,,https://i.redd.it/vjc6cjx0kj611.png,1530104258.0,67,0.96,11,CasualUK,hullabulu
8u9cot,Woman makes her return from shopping in Saddleworth this morning.,,https://i.redd.it/c59p6922jj611.jpg,1530103932.0,460,0.99,83,CasualUK,Articular_Crayon
8u9cfh,The Mr Whippy van stopped outside the office block. It was quite funny seeing loads of people in business attire gunning for the ice cream man.,,https://i.redd.it/kdx3swopij611.jpg,1530103870.0,234,0.98,66,CasualUK,benanderson89
8u97ty,Random companies thinking that the heatwave is an excuse to email me,,https://i.redd.it/fi11spfeej611.gif,1530102686.0,118,0.95,9,CasualUK,RDHertsUni
8u93ts,It‚Äôs summer in London again.,,https://i.redd.it/cn3wm1z6cj611.jpg,1530101626.0,584,0.97,54,CasualUK,RainbowCloud5
8u90rk,My mates carvery plate is guaranteed to offend almost everyone.,,https://i.redd.it/ga41xarr9j611.jpg,1530100832.0,211,0.96,87,CasualUK,Harry_monk
8u8y1q,Can't believe it's 30¬∞ after the insane floods we had at the weekend,,https://imgur.com/kdcdBuU,1530100093.0,56,0.92,3,CasualUK,13_Polo
8u8vny,Wait for it...,[deleted],https://i.redd.it/f1674szl5j611.jpg,1530099410.0,204,0.94,37,CasualUK,[deleted]
8u8d0u,The Hammersmith Ghost and its effect on UK law.,[deleted],https://www.reddit.com/r/CasualUK/comments/8u8d0u/the_hammersmith_ghost_and_its_effect_on_uk_law/,1530093641.0,342,0.98,46,CasualUK,[deleted]
8u88ge,Someone on r/snackexchange requested this personalised Jar of Marmite from me... Controversial?,,https://i.redd.it/7bqkrwvmji611.jpg,1530092023.0,202,0.97,44,CasualUK,Willyamsss
8u7w9v,The sheer cheek of M&amp;S to even call this a ‚Äúdeal‚Äù,,https://i.redd.it/31b4a0ut6i611.jpg,1530087713.0,9860,0.93,1047,CasualUK,PersilTheDino
8u7r8a,Someone turned my summer off :(,,https://i.redd.it/e9sn5scn1i611.jpg,1530085978.0,136,0.94,38,CasualUK,lordjems
8u77aq,Always trust the Tubes service information,,https://i.redd.it/oc601hd3ih611.jpg,1530079396.0,158,0.91,21,CasualUK,DezzaJay
8u4ctu,Dick and Dom in da Uni,,https://i.redd.it/yhgmgrp69f611.jpg,1530052256.0,198,0.96,11,CasualUK,gsurfer04
8u3xmu,Just a bit of appreciation for how beautiful this country is. (Lake District),,https://i.redd.it/yyk39w1aze611.jpg,1530048865.0,77,0.96,12,CasualUK,MahoganyHandsome
8u3d19,We're getting worryingly close to a breakout of Dave's Syndrome,,https://i.redd.it/lwg1ue44me611.png,1530044596.0,236,0.96,22,CasualUK,Standtomyleft
8u33cp,I was worried I was overdressed for a job interview today.,"Had a job interview and was worried that wearing a blazer with a thin black tie, nice white shirt and black shoes was too formal.

Then a guy turned turned up wearing an orange floral shirt, a Pussy Riot t-shirt, a mismatched pair of neon high tops and an ear piercing that was a massive paperclip with a button on it and I stopped worrying.",https://www.reddit.com/r/CasualUK/comments/8u33cp/i_was_worried_i_was_overdressed_for_a_job/,1530042722.0,56,0.95,34,CasualUK,BootStampingOnAHuman
8u2gq9,It‚Äôs not grim up north.,,https://i.redd.it/2amtmgf33e611.jpg,1530038031.0,95,0.95,18,CasualUK,[deleted]
8u2719,"We're a simple place, up North",[deleted],https://i.redd.it/bwcbl1l7xd611.jpg,1530036054.0,690,0.98,37,CasualUK,[deleted]
8u248w,Just finished my Fairy Liquid off if anyone wants the bottle for an Art Attack.,,https://www.reddit.com/r/CasualUK/comments/8u248w/just_finished_my_fairy_liquid_off_if_anyone_wants/,1530035492.0,238,0.98,14,CasualUK,Pyroxene
8u1uk4,Spotted Slough,,https://i.redd.it/dohy863zpd611.jpg,1530033617.0,906,0.96,71,CasualUK,nicbrit93
8u1u6h,‚Äòthis subreddit is a place for banter‚Äô,,https://i.redd.it/hehv67hqpd611.jpg,1530033538.0,61,0.91,24,CasualUK,gowans007
8u1tri,Very pleased to discover my son's old go go collection!,,https://i.redd.it/1v3t6wdgpd611.jpg,1530033454.0,106,0.96,22,CasualUK,iain127
8u1i4b,You could see Anglesey from the Snowdon summit today,,https://i.imgur.com/YEo6je4.jpg,1530031156.0,57,0.93,20,CasualUK,kiasne
8u19vo,"""We're sorry if this is convenient for you""",,https://i.redd.it/hxuk7leqdd611.jpg,1530029509.0,102,0.95,12,CasualUK,kindafairy
8u0u5m,H-2-low standards? No problem.,,https://i.redd.it/h606ab954d611.jpg,1530026280.0,146,0.95,6,CasualUK,GrabMyGrimleys
8u0hg3,Every damn time,,https://i.redd.it/acrcu5x6wc611.jpg,1530023601.0,6425,0.96,207,CasualUK,SupraPseudo
8u0boz,I've only gone and done it lads! Pints on me,,https://imgur.com/5qtaV6P,1530022344.0,335,0.93,95,CasualUK,CaaaptainDumbass
8u07og,Why does Prince William‚Äôs head look photoshopped?,,https://i.redd.it/ueuahuzspc611.jpg,1530021452.0,66,0.91,19,CasualUK,wickedzinger
8u0507,Toilet ruiners. Why?,[deleted],https://www.reddit.com/r/CasualUK/comments/8u0507/toilet_ruiners_why/,1530020806.0,75,0.94,48,CasualUK,[deleted]
8tzrw1,That's why stoners go to iceland!,,https://i.redd.it/q8zemblhec611.jpg,1530017716.0,318,0.96,27,CasualUK,Itellpeopleto-shutup
8tznuu,Cool map of London with the Monopoly properties marked.,,https://i.imgur.com/gOmKO6I.jpg,1530016690.0,239,0.98,30,CasualUK,WalkingCloud
8tzhat,Think all this hot weather is making Glasgow thirsty.,,https://i.redd.it/1vav4ozf6c611.jpg,1530014944.0,276,0.99,26,CasualUK,PM_ME_YOUR_HAGGIS_
8tz671,"The most incredible sky I've seen. Dundry Hill, Bristol last night.",,https://i.redd.it/lm80fd7kwb611.jpg,1530011656.0,98,0.97,8,CasualUK,[deleted]
8tz4lp,"Thanks for the nightmares, ronald",,https://i.redd.it/tg3otto9vb611.jpg,1530011187.0,62,0.92,1,CasualUK,ed_menac
8tz22m,I think I'll get an Indian instead.,,https://i.redd.it/rw04u5nvsb611.jpg,1530010381.0,355,0.98,29,CasualUK,Invader-Strange
8tz220,"Currys are shit, how are they still in business?","So I went in a week ago to buy a telly. They don't have the one I want in stock. I ask if I can buy the display model: ""sorry I can't sell you that it's the display model"".

I come back a week later, the same TV is still there, they still don't have any in stock, but it's still out on display anyway. ""Sorry I can't sell you that because someone has reserved it"". WTF.

No, it's not even available on-line in stock anywhere.

So I'm bored, back the next day, wait 20 mins while the only guy in the TV section is serving someone else who's trying to haggle down the price of a new ¬£199 TV. Eventually I ask about the newer model that's in stock: ""Is it worth the extra ¬£400?"", ""Nah not really""

Eventually I find the actual TV I want online somewhere else.

Side note I tried to buy an iron. ""I don't have my wallet do you do Apple Pay?"". ""No"".

Seriously I tried and gave up. I won't bother again. /rant",https://www.reddit.com/r/CasualUK/comments/8tz220/currys_are_shit_how_are_they_still_in_business/,1530010370.0,50,0.88,97,CasualUK,clausy
8tywm4,The things you find in Warrington,,https://i.redd.it/28l452xanb611.jpg,1530008547.0,113,0.93,25,CasualUK,Chevrolution
8tyihy,"Madonna to headline Glastonbury 2019. The world ask ""Why?""",,http://www.nme.com/news/music/madonna-will-headline-glastonbury-2019-sources-claim-2344257,1530003614.0,58,0.91,30,CasualUK,Rufus2227
8tyeew,"Nice one, Dave",[deleted],http://imgur.com/RdCqemf,1530002112.0,76,0.95,3,CasualUK,[deleted]
8ty8sx,"Been out the house for less than an hour and I've already heard ""you caught the sun a bit"" at least 3 times","However to counter the shallow small talk, I did get ""fucking hell mate, you make a beetroot look pale"". ",https://www.reddit.com/r/CasualUK/comments/8ty8sx/been_out_the_house_for_less_than_an_hour_and_ive/,1530000014.0,134,0.97,26,CasualUK,5tr4nGe
8ty75p,Baby Geese spotted at the lake... so flufffffy,,https://imgur.com/anWb677,1529999380.0,181,0.98,19,CasualUK,suexo
8tuv5d,People in Newbury have very specific needs,,https://i.redd.it/si5yt4xt58611.jpg,1529966317.0,141,0.99,19,CasualUK,Incantanto
8tuis1,Went to poundland for the first time,[deleted],https://www.reddit.com/r/CasualUK/comments/8tuis1/went_to_poundland_for_the_first_time/,1529963509.0,104,0.92,40,CasualUK,[deleted]
8tu7wk,Wholesome Yorkshire Dales National Park visitor book,,https://i.redd.it/8o8douliq7611.jpg,1529961164.0,193,0.97,6,CasualUK,beaugeese
8ttknw,They come up every so often,,https://i.imgur.com/cOccULA.jpg,1529956386.0,311,0.96,22,CasualUK,[deleted]
8tt3ks,A pub named after 2 types of professional rider,,https://i.redd.it/vw6a4j0t17611.jpg,1529952870.0,181,0.95,18,CasualUK,itstartswithani
8tt1kk,My morning commute - sadly it was closed at 7am,,https://i.redd.it/ys7rnv7l07611.jpg,1529952444.0,97,0.95,11,CasualUK,cowie71
8tsmxh,Anyone missing a carp?,,https://i.redd.it/neunvadqr6611.jpg,1529949460.0,146,0.94,16,CasualUK,dudeswednesday
8tsgqf,"Tenby, South Wales",,https://i.redd.it/9f0p5d1zn6611.jpg,1529948201.0,133,0.97,11,CasualUK,formaldehey
8tsdf8,Think this car forgot its suncream,,https://i.redd.it/qiji8i90m6611.jpg,1529947542.0,73,0.94,7,CasualUK,SirCarpetOfBurn
8tsd53,PSA: The frozen Jaffa cake is a nice refreshing snack for this weather!,Had a few in the freezer all day to test this out. Was not disappointed! ,https://www.reddit.com/r/CasualUK/comments/8tsd53/psa_the_frozen_jaffa_cake_is_a_nice_refreshing/,1529947492.0,64,0.97,21,CasualUK,9DAN2
8ts0jk,This handy sign in my local park helped me to locate a tree,,https://i.redd.it/uqj7c94fe6611.jpg,1529944992.0,186,0.97,15,CasualUK,stanrandom
8trspi,The grim reaper is finally getting ready to make a move on our monarch. Literally looking over her shoulder.,,https://i.redd.it/ooarkyor96611.png,1529943420.0,64,0.93,7,CasualUK,mooncrab
8trjha,'Clearing away' the conference lunch buffet...please don't judge me.,,https://i.redd.it/mugqy2u646611.jpg,1529941544.0,70,0.96,17,CasualUK,EarlOfBronze
8trf1i,My mate received this text from a general labouring recruitment agency today after he missed work.,[deleted],https://i.redd.it/dr6omq2f16611.jpg,1529940617.0,78,0.97,31,CasualUK,[deleted]
8trbs4,The important thing is that we do not panic.,,https://i.redd.it/uow7m188z5611.png,1529939885.0,189,0.96,59,CasualUK,SwissJAmes
8tr4li,"I'll see your Pringles holder, and raise you a Mini Roll safe. Hands off!",,https://i.redd.it/sm81p5jfu5611.jpg,1529938328.0,655,0.97,43,CasualUK,cking145
8tqx6n,On This Morning today...,,https://imgur.com/URdA6yo,1529936767.0,843,0.99,48,CasualUK,chelseasaints
8tquj6,"It‚Äôs just about tropical in Sheffield, so naturally I‚Äôm drinking cider, on an old blanket, on the gravel outside. Cheers!",,https://i.redd.it/ozhlv2w7o5611.jpg,1529936172.0,66,0.92,29,CasualUK,cutekittenlol
8tqpee,"So I‚Äôve been out of town for a little over a week, when I get back to my flat I find that one of my flat mates has been using my butter, which is totally fine, but look at the state of that! Where‚Äôs the etiquette, the grace?! There was even a hair stuck to the underside of the lid!",,https://i.redd.it/2aodinfqk5611.jpg,1529935015.0,149,0.99,50,CasualUK,President_Dyson
8tqk7s,Someone made a typical UK street in the game Cities Skylines.,[deleted],https://i.redd.it/2py9rk69z1611.jpg,1529933752.0,818,0.99,118,CasualUK,[deleted]
8tqeqb,Moving back to London next week. Dont think the new garden will compare to the view from the current one.,,https://i.imgur.com/7F0HBNB.jpg,1529932432.0,88,0.97,10,CasualUK,Anathemachiavellian
8tqebb,Not very good at sneaking then are they,,https://i.imgur.com/bPKEfA8.jpg,1529932325.0,213,0.96,13,CasualUK,dieyoubastards
8tq3lg,Yesterday at Saltburn-by-the-Sea. You can just see the wind turbines at Redcar up the coast. I love the coastline around this part of the coast :),,https://i.redd.it/922wvk9t45611.jpg,1529929652.0,55,0.94,23,CasualUK,Froobyxcube
8tq3e1,Our thoughts and prayers go out to all the gingers in the UK this week.,,https://www.reddit.com/r/CasualUK/comments/8tq3e1/our_thoughts_and_prayers_go_out_to_all_the/,1529929598.0,157,0.97,53,CasualUK,theadum
8tq3ax,/r/CasualUK does charity round 2 - suggestions thread!,"Good afternoon everyone, I hope you're all well. 

It has been almost three months since we decided to run a quarterly charity crowdfund, in which UK-based charities are nominated and then voted on to select an official CasualUK charity for the following quarter. 

On 1st April you selected Shelter - a housing and homelessness charity - and since then we have raised **¬£1,264.50!**

Now it is time to start nominating new charities, so that we can put it to a vote and boil it down to a winner by 1st July. The rules are as follows:

- We are going to donate money to a chosen charity every quarter. 1st January, 1st April, 1st July, 1st October. 
 
- The charity will be chosen each quarter by yourselves. If charity A is chosen for April, charity A may not be eligible until the following year, to ensure that a different charity receives donations each quarter. 
 
- Please use this thread to nominate your chosen charities. Please include a few lines to explain why this charity is important to you. Please also provide a link to the charity.  
 
- **It must be a registered charity** and It must be UK based. 
 
- The top ten nominations (decided by upvotes) will then go into a strawpoll where we determine the overall winner. Once we have a winner for that quarter, we will create a JustGiving page and have a final thread for donations.  
 
- If you wish to donate to that particular charity, please give whatever you feel comfortable with but as a guideline, we think it would be fantastic if we could donate the cost of a pint in our local.
  
- **Please no debating the rights / wrongs of a particular charity.**

So please get nominating/upvoting your favourite charities in the comments. The top 10 will progress to the next voting stage.
 
You also still have one more week to donate to Shelter, and the  link to our JustGiving page is below, along with a link to the previous threads. Massive thanks to everyone for participating!

------

[Our JustGiving page](https://www.justgiving.com/fundraising/casual-uk)

[/r/CasualUK does charity round 1](https://www.reddit.com/r/CasualUK/comments/88ylgy/casualuk_donates_money_to_charity_the_actual/)",https://www.reddit.com/r/CasualUK/comments/8tq3ax/rcasualuk_does_charity_round_2_suggestions_thread/,1529929577.0,58,0.94,45,CasualUK,joethesaint
8tq262,Didnt know if this would be of interest but I found a lovely spot for lunch on a rare British summer afternoon,,https://i.redd.it/vr90mpyo35611.jpg,1529929275.0,93,0.95,10,CasualUK,antmonty
8tpwwv,"Sorry, you were out: I changed my husband's favourite car on Forza Horizon 3 to something more...British",,https://v.redd.it/cvdewbn4z4611,1529927872.0,1399,0.98,100,CasualUK,ahrimaniac
8tpwif,I wonder which way is quicker...,,https://i.redd.it/eyli5tf4z4611.jpg,1529927735.0,359,0.98,58,CasualUK,MiAyLa
8tppsx,It‚Äôs quite clear that I am hungover but when my colleagues asked if I had a good day yesterday I immediately thought of this,,https://gfycat.com/warmboringgrizzlybear,1529925816.0,83,0.97,14,CasualUK,Kingkunta87
8tpgfy,Warhammer seems to have a new corporate sponsor...,,https://i.redd.it/ylagvaz1p3611.jpg,1529922842.0,310,0.95,70,CasualUK,torealis
8tpbbg,Well in Lilian,[deleted],https://i.redd.it/1w3t9ekcf4611.jpg,1529921082.0,371,0.98,58,CasualUK,[deleted]
8tp7vs,They didn't even try!,,https://i.redd.it/qqz21bsib4611.jpg,1529919857.0,117,0.95,12,CasualUK,KurnolSanders
8tp0oc,We did it! Yesterday we raised over ¬£500 for charity doing this silliness. We didn‚Äôt win the race but we won the hearts of a nation (or more accurately; a small town).,[deleted],https://i.redd.it/zn6vxkex34611.jpg,1529917242.0,167,0.97,10,CasualUK,[deleted]
8tov2c,Random sign at a car boot sale. Great placement...,,https://imgur.com/JtLZmEq,1529915021.0,88,0.96,11,CasualUK,[deleted]
8toqhu,The bags on this lorry include Star Trek Voyager Season 7 VHS released in 2001 and Patricia Cornwell's Black Notice published 1999,,https://i.redd.it/880wuvd6s3611.jpg,1529913290.0,254,0.98,53,CasualUK,Headtenant
8tok60,First time going to Wales properly. Lovely Snowdon.,,https://i.redd.it/t0df58adl3611.jpg,1529911026.0,185,0.98,34,CasualUK,FeelMyJars
8toi3w,An Amazon Dash button I can actually get excited about,,http://imgur.com/iq23iZb,1529910378.0,140,0.89,60,CasualUK,emberpass
8to6oq,Tbh I was hoping a little more effort would have gone into my ¬£5.70 eggs on toast breakfast from Friska at Luton Airport...,,https://i.redd.it/7avc7fbr73611.jpg,1529906435.0,10716,0.95,588,CasualUK,M1BG
8tmpw7,Can we talk about some UK place names,,https://i.imgur.com/oUvbjJC.png,1529891024.0,562,0.97,161,CasualUK,Captainpatters
8tls8b,Strictly Defending,,https://i.imgur.com/jWsT35S.jpg,1529882065.0,550,0.98,21,CasualUK,panicky_in_the_uk
8tl7qy,I think the weather has broken,[deleted],https://i.redd.it/6ysug8cds0611.png,1529877033.0,168,0.98,30,CasualUK,[deleted]
8tl4op,England during the world cup.,,https://gfycat.com/KaleidoscopicDownrightLarva,1529876305.0,352,0.95,90,CasualUK,JoeySlavaroni
8tl0pn,Neighbours arguing and one of them threw a huge blue bin at the others car...,[deleted],https://i.redd.it/dv1fvn5gn0611.jpg,1529875392.0,84,0.99,19,CasualUK,[deleted]
8tkmc3,Motorway closed? Why not break out the bagpipes.,[deleted],https://v.redd.it/2sciqo8ed0611,1529872035.0,141,0.97,26,CasualUK,[deleted]
8tke8w,"Went past this last week and it only had a cone, now someone managed to get a bin up there as well!",,https://i.redd.it/pf9y2ayw70611.jpg,1529870159.0,80,0.96,6,CasualUK,mattcosmith
8tk5aj,"Remember as a kid, when this noise would fill you with dread, sickness and anxiety knowing it was school tomorrow?",[deleted],https://www.youtube.com/watch?v=kNuuG7Dgv2c,1529868062.0,244,0.96,61,CasualUK,[deleted]
8tirce,"Beautiful, Spectacular, a sight for sore eyes. Anyway that‚Äôs enough about Tesco - check out that sunset in the background.",[deleted],https://i.redd.it/d4yxs39r2z511.jpg,1529856313.0,234,0.98,13,CasualUK,[deleted]
8thzw7,The Domino's effect.,,https://i.redd.it/kewpnt8chy511.jpg,1529849110.0,706,0.96,16,CasualUK,RobloxPornAccount
8thnd7,Lenny Henry has lost a lot of weight,,https://i.imgur.com/4uuTF4a.jpg,1529845289.0,109,0.92,27,CasualUK,vogSWS
8thfq7,BBC news with the top quality football photography,,https://i.redd.it/jweq9o4xxx511.jpg,1529842578.0,262,0.97,11,CasualUK,Nickwesthere
8thcs4,Diminishing returns on /r/BritishProblems,[deleted],https://i.redd.it/fjs3hdboux511.jpg,1529841489.0,1258,0.99,37,CasualUK,[deleted]
8th9ba,This guy's license plate,,https://i.redd.it/vz58yj347t511.jpg,1529840376.0,312,0.95,15,CasualUK,maninthesuit24
8th6ww,"Match thread: England vs Panama BBC 1, 1pm","[BBC link for lineups and info](https://www.bbc.co.uk/sport/live/football/43975711)

Apologies for the half arsed match thread but FUCKING COME ON ENGLAND!!!

Decent win, that.

Edit - That IT Crowd joke will result in a ban. No exceptions. 

Baloy consolation goal 6-1
https://streamable.com/5ax51

Kane goal 6-0 (World class finish)
https://streamgoals.com/video/cfb02e1330

FULL penalty GOAL (Harry Kane) England 5 - 0 Panama
https://www.dailymotion.com/video/x6mnh4c

FULL GOAL (John Stones) England 4 - 0 Panama
https://www.dailymotion.com/video/x6mngm0

FULL GOAL (Jesse Lingard) England 3 - 0 Panama
https://www.dailymotion.com/video/x6mngm0

FULL penalty GOAL (Harry Kane) England 2 - 0 Panama
https://www.dailymotion.com/video/x6mnes2

FULL GOAL (John Stones) England 1 - 0 Panama
https://www.dailymotion.com/video/x6mndj1",https://www.reddit.com/r/CasualUK/comments/8th6ww/match_thread_england_vs_panama_bbc_1_1pm/,1529839389.0,174,0.94,877,CasualUK,jptoc
8th1rm,First drink of the day. Getting ready for football to come home!!,,https://i.redd.it/qzdr7ca9ix511.jpg,1529837314.0,91,0.93,35,CasualUK,Slaeowulf
8tgzye,"Apparently, the teenagers up my end find solace in the profound lyrics of 90's Dadrock band, Nickelback.",,https://i.redd.it/u9ymxmelfx511.jpg,1529836476.0,510,0.97,56,CasualUK,coliander
8tgzna,Does anyone remember this banging childhood film? üê† ü¶ë üåü,,https://i.redd.it/0g9mv2rcfx511.jpg,1529836337.0,383,0.97,34,CasualUK,[deleted]
8tgyj4,I think my local Waitrose bakery is suffering!,,https://i.redd.it/q7ksrmvxdx511.jpg,1529835864.0,82,0.96,8,CasualUK,Sidthegeologist
8tgv1y,Scottish baby weasels 'pose' for a picture,,https://www.bbc.co.uk/news/uk-scotland-highlands-islands-44560891,1529834368.0,67,0.94,12,CasualUK,tmstms
8tgs3m,Camilla?,[deleted],https://i.redd.it/sl9wx9qg5x511.jpg,1529833010.0,142,0.96,16,CasualUK,[deleted]
8tgoom,Get the pool out they said. It'll be fun they said.,,https://i.imgur.com/jWPsKZO.jpg,1529831478.0,80,0.97,10,CasualUK,fifthofhisname
8tgm3i,Woohooo!,,https://i.redd.it/eqvj6f0hxw511.jpg,1529830323.0,145,0.98,18,CasualUK,Feltipfairy
8tgjqb,Just found out you can buy a 6 month supply of hayfever tablets for ¬£5 online.,"So retailers can fuck right off with their ¬£5 for 7 tablets. 

Save yourself a few quid 

[Citirazine](https://www.amazon.co.uk/dp/B01HYFNA50/ref=cm_sw_r_cp_awdb_t1_QH1lBbKCT5GMG) 

[Loratadine ](https://www.amazon.co.uk/dp/B06Y218Q2R/ref=cm_sw_r_cp_awdb_t1_7W1lBb3BY7TV1) ",https://www.reddit.com/r/CasualUK/comments/8tgjqb/just_found_out_you_can_buy_a_6_month_supply_of/,1529829307.0,206,0.99,92,CasualUK,DeadYen
8tgjd9,"Boredom, sunshine and cheap Wickes decking board yesterday = ghetto sun lounger. Disclaimer: not a joiner!",,https://i.redd.it/epvlfow2tw511.jpg,1529829163.0,157,0.97,34,CasualUK,wirral_guy
8tge3g,It's never to early for a pint!,,https://i.redd.it/26eb3kz0nw511.jpg,1529826814.0,25430,0.94,739,CasualUK,Clomojo87
8tgan2,"Staithes, North East England.",,https://i.redd.it/dqlvrllkiw511.jpg,1529825311.0,645,0.99,78,CasualUK,baileybaileybailey23
8tg7ko,World Cup Megathread day 11,"Today sees England play again

-	England v Panama **13:00** BBC
-	Japan v Senegal **16:00** BBC
-	Poland v Columbia **19:00** ITV

Please keep WC discussion/ memes/ clips to this post to help us mods out! ",https://www.reddit.com/r/CasualUK/comments/8tg7ko/world_cup_megathread_day_11/,1529824042.0,52,0.93,146,CasualUK,GFoxtrot
8tfs1i,Scafell Pike sunrise at 4:30am,,https://imgur.com/a/8RlCONV,1529818128.0,224,0.98,18,CasualUK,RunningDragons
8tegvz,BBC Three at it‚Äôs best.,,https://i.redd.it/5prplfmdpu511.jpg,1529803388.0,81,0.96,7,CasualUK,smugglers_cove
8tdzz9,BBC Weather shows a photo sent in by a viewer..,,https://i.imgur.com/rN8zF5f.jpg,1529798347.0,136,0.97,15,CasualUK,calumtaylor
8tdms3,This is the most British video ever.,,https://v.redd.it/6stt64iyyt511,1529794555.0,941,0.98,51,CasualUK,zaczolf
8tdlvq,"Saw someone‚Äôs sunset, thought I‚Äôd show my own over Edinburgh",,https://i.redd.it/tjsu4zadyt511.jpg,1529794305.0,102,0.99,1,CasualUK,JayStains
8tcw6k,How good are our sunsets though üòç,,https://i.redd.it/pkdtgr12et511.jpg,1529787470.0,209,0.97,11,CasualUK,Ihavenoimaginaation
8tca7i,"[Serious]I believe a horse has been abandoned and has been tied to a tree for about 3 days now with no sign of food or water, who do I need to call to sort this out?","I apologise for the serious and somewhat depressing topic, but I believe this is probably the best place to ask, anyway a horse has been abandoned near my area, as it's been tied to a tree in a pathway for about 3 days now (possibly longer) and I haven't seen any sign of food or water for the horse.

I've tried contacting the RSPCA but they don't deal with horses and the only other helpline I've found (the BHS) isn't open today.


I really do not want to call an ""animal rights"" charity like PETA, so who else is there I could possibly call?

Thanks in advance


EDIT: I live in the West Midlands if you're wondering on local animal groups. ",https://www.reddit.com/r/CasualUK/comments/8tca7i/seriousi_believe_a_horse_has_been_abandoned_and/,1529781904.0,51,0.93,41,CasualUK,TheNathanNS
8tbua9,[Asda] Stockpiling these bad boys for the next BBQ!,[deleted],https://i.redd.it/2uvks2btls511.jpg,1529777975.0,59,0.85,19,CasualUK,[deleted]
8tbttv,TFW You realise there wont be any more Wallace and Gromit,,https://i.imgur.com/n6I56YR.jpg,1529777857.0,582,0.97,44,CasualUK,[deleted]
8tbsew,Has Eddie Izzard done a deal we don‚Äôt know about?,,https://i.redd.it/gth3joffks511.jpg,1529777508.0,77,0.94,22,CasualUK,bungle_bogs
8tboij,England in a nutshell,,https://v.redd.it/8p7gwdy11s511,1529776578.0,392,0.87,57,CasualUK,Fierytepig
8tbfls,Some people have been slagging off my Yorkshire pudding meals. Least they aren‚Äôt as bad as the time I made hot dog lasagne in 2015.,,https://i.imgur.com/smKvrFv.jpg,1529774451.0,202,0.93,82,CasualUK,9DAN2
8tbdb8,Thors Cave.,,https://imgur.com/IBS2XSm,1529773901.0,59,0.94,5,CasualUK,lord_taint
8tb9uu,"Taking my wife out for dinner but she says she's not hungry, how long into my meal until she reaches over for a chip or twenty???",,https://i.imgur.com/M4DFAxj.jpg,1529773097.0,151,0.93,19,CasualUK,albo_underhill
8tb9fs,Does this fit here?,[deleted],https://i.redd.it/oddzqoox6s511.jpg,1529772992.0,52,0.88,32,CasualUK,[deleted]
8taxg1,The Ultimate Laser Adventure,,https://i.redd.it/8trnu0i4yr511.jpg,1529770056.0,675,0.98,34,CasualUK,WillyVWade
8takwi,"Found an app that can map out which part of the UK you are from by the way you pronounce words. It's made by Lancaster University, so it is legit.",,http://englishdialectapp.com/,1529766974.0,229,0.97,165,CasualUK,fireball_73
8tai1z,"TIL that in Norfolk, they call snails ""dodmen""",,https://i.imgur.com/9AgZPa6.png,1529766231.0,121,0.98,41,CasualUK,fireball_73
8tagbi,Just taking his pet on a walk in the middle of afternoon on a school day in South Shields,,https://i.redd.it/8kuw7z9llr511.jpg,1529765791.0,109,0.98,14,CasualUK,gowans007
8taacj,This new stock checkers at Argos are an abomination.,,https://v.redd.it/jpimkevtgr511,1529764228.0,714,0.98,81,CasualUK,[deleted]
8ta975,"Hello, Samaritans.",,https://i.redd.it/g0fl2n2taq511.jpg,1529763882.0,1500,0.96,70,CasualUK,[deleted]
8t9vd0,"Ever wanted to look like a weapons grade jeb end, and pay to be an advert for a drinks company? You're in luck!",[deleted],https://i.redd.it/q2aigzw04r511.jpg,1529759886.0,61,0.92,11,CasualUK,[deleted]
8t9ngl,Some old school entertainment for the long drive up North to keep me occupied rather than try and talk to my husband about Love Island,,https://i.redd.it/wm16623bwq511.jpg,1529757333.0,326,0.94,69,CasualUK,octopus_dance_party
8t9chn,Nothing unusual here,,https://i.redd.it/ajyrrnpskq511.jpg,1529753417.0,138,0.96,12,CasualUK,DuceTV
8t8w49,Meanwhile at the Carlsberg factory,,https://i.redd.it/1c1iycd11q511.jpg,1529746772.0,1442,0.98,31,CasualUK,hexajon
8t8vh3,No luck catching them swans then?,,https://i.redd.it/7xtzsst50q511.jpg,1529746478.0,73,0.91,13,CasualUK,Mattjbennett97
8t86u3,No words needed other and legend,,https://i.imgur.com/Roc644e.jpg,1529736383.0,4579,0.95,166,CasualUK,Jackisatwat
8t6eou,"My local garage specialise in all kinds of ""servicing""",,https://i.redd.it/pt48lf5fhn511.jpg,1529715980.0,67,0.95,8,CasualUK,Reezla82
8t68i0,Went for a piss and this lot turned up...,,https://i.redd.it/qe1aoi7fcn511.jpg,1529714301.0,81,0.92,22,CasualUK,pintperson
8t5wsu,Classic Grimsby Youth,,https://i.redd.it/w93oqhvc3n511.jpg,1529711233.0,358,0.98,12,CasualUK,Darth-Sand
8t5sv3,Demon predator...,,https://i.redd.it/dlfea5j30n511.jpg,1529710140.0,70,0.98,5,CasualUK,[deleted]
8t5lmc,The brace position is an impossibility on Ryanair flights. Even they have removed the seat in front from the instructions.,,https://i.imgur.com/ksiawq9.jpg,1529708328.0,56,0.95,13,CasualUK,RodeoRex
8t5l7h,Someone's not too happy today,,https://i.imgur.com/cIm9ZIg.gifv,1529708231.0,356,0.97,8,CasualUK,MoreInfoHere
8t5b43,Big up to my mates in West Staines,,https://i.redd.it/d2t4pqgvmm511.jpg,1529705688.0,183,0.96,23,CasualUK,Natty_Guard
8t4zu8,Fags and mags .... I give you,,https://i.redd.it/b9tdhqqwem511.png,1529703012.0,187,0.98,16,CasualUK,oph199
8t4six,Sometimes Southport can be pretty,,https://i.redd.it/tvj7kisx9m511.jpg,1529701343.0,62,0.98,15,CasualUK,Putin-the-fabulous
8t4rsd,A real conversation between a train driver and his signal room. Slightly NSFW words.,,https://v.redd.it/x6tzk5x99m511,1529701192.0,523,0.99,43,CasualUK,[deleted]
8t4i04,"The Rolls Royce of Ice cream vans, quite literally.",,https://i.redd.it/m2tplbz70m511.jpg,1529698947.0,175,0.99,10,CasualUK,beenthroughyourbins
8t3n5e,Been busy?,,https://imgur.com/9bTNap6,1529692205.0,4118,0.95,238,CasualUK,dudewithlettuce
8t3cul,Aww how swe.. oh,,https://i.redd.it/7c5tomnacl511.jpg,1529690027.0,132,0.88,8,CasualUK,hamxt
8t3coi,"If you‚Äôve got Netflix watch White Gold, it‚Äôs bloody brilliant.",,https://i.redd.it/sweof0e7cl511.jpg,1529689993.0,78,0.91,13,CasualUK,Essexboyz123
8t30kv,Nobody seems to realise that the little man on the Men at Work sign is wearing wellington boots. Whilst trying to open a beach umbrella.,,https://starttraffic.uk/image/cache/catalog/product-photos/signs/metal-signs/750mm-triangular/metal-sign-men-at-work-frame-1800x1200_0.jpg,1529687447.0,68,0.91,15,CasualUK,mykeuk
8t2af5,I've only just realised that this road sign depicts a car and not a hammer. I'm 31 years old.,,https://imgur.com/Pd4hgap,1529681849.0,292,0.96,88,CasualUK,nathane87
8t1yfy,4 years since Le Tour de Yorkshire &lt;3,,https://i.redd.it/2qdrj94sfk511.jpg,1529679271.0,67,0.96,6,CasualUK,ed_menac
8t1tb8,Can anyone find a worse street name in England? Fucking kill crash lane!?,,https://i.redd.it/irfpxlmwck511.png,1529678177.0,195,0.98,78,CasualUK,zaczolf
8t1lix,"Welcome to BBC News, today‚Äôs headlines are presented to you by Basil Brush...",,https://i.redd.it/7m1k6voy7k511.jpg,1529676478.0,231,0.98,13,CasualUK,SomeRandomFarmer
8t11cs,Have you ever seen a finer al fresco dining ensemble?,,https://i.redd.it/ddg07yirsj511.jpg,1529671429.0,89,0.96,9,CasualUK,andrewdotlee
8t0s1m,I never imagined that Ace Ventura would become a UK fashion icon.,,https://i.redd.it/or42ghwxkj511.jpg,1529668869.0,284,0.99,18,CasualUK,funkyjim
8t0rfb,"Only in east London , though a completely different type of store in another country",,https://i.redd.it/w07vv97wkj511.jpg,1529668702.0,287,0.96,40,CasualUK,Mrmungos
8t0mjk,Beautiful morning at work today!,,https://i.redd.it/wceekotlgj511.jpg,1529667275.0,51,0.93,11,CasualUK,clouddyl
8t0fel,Shitty Yorkshire pudding meal v2.0,,https://i.imgur.com/MQtxOfM.jpg,1529665129.0,180,0.89,69,CasualUK,9DAN2
8t029f,Existential dread boxes,,https://i.redd.it/xywuat2twi511.jpg,1529660615.0,231,0.97,17,CasualUK,Bloatyheed
8t001v,"Turn right , just before the bridge",,https://i.redd.it/v8mth9mlui511.jpg,1529659859.0,7305,0.96,205,CasualUK,D1rtymaca1
8szx13,Greetings from Rutland Water,,https://i.imgur.com/jNAnc1N.jpg,1529658778.0,120,0.95,22,CasualUK,kumquat_may
8szwlu,The World Cup and that kid getting sent home for wearing shorts reminded me of this...,,http://news.bbc.co.uk/cbbcnews/hi/uk/newsid_2045000/2045581.stm,1529658619.0,55,0.94,11,CasualUK,[deleted]
8szt01,I‚Äôve made a terrible mistake ... I look like a UPS delivery person,,https://i.imgur.com/JDaFVbH.jpg,1529657283.0,396,0.95,93,CasualUK,quinn_drummer
8szmhp,Retaining existing customers,"Just spoke to a lass about me renewing my tv/broadband package with the Branson mob on the old live chat 

Told her I‚Äôm happy with my package (modest I know) but I‚Äôve been comparing and a new customer gets the same deal for ¬£19 cheaper, can this be at least be matched? 

She said no that‚Äôs for new customers only

I said if I cancel and set it back up to tomorrow as a new customer would I get the cheaper deal?

Yes.

To save the aggro can I not just have the same deal then?

No. Here‚Äôs the number to our retention line.

Am I missing something here or have the numerous pints of Guinness made me a total fuckwit?
Is there no reward for retail loyalty any more?",https://www.reddit.com/r/CasualUK/comments/8szmhp/retaining_existing_customers/,1529654801.0,71,0.96,55,CasualUK,Kingkunta87
8szlvp,Carefully peeping out of the window at the delivery guy...,"Is it just me that does this? I wait for my delivery, for example an online shop. The van arrives, parks on the front and I begin to carefully peep through my window without being caught. I don‚Äôt want to be caught as I‚Äôm not sure if he sees me he‚Äôll expect me to help! 

Of course though, once he carries the bags to my door I swing it open like a surprise Alan Partridge and greet him with an ‚ÄúAlright mate?‚Äù.",https://www.reddit.com/r/CasualUK/comments/8szlvp/carefully_peeping_out_of_the_window_at_the/,1529654580.0,75,0.93,56,CasualUK,RawAim
8sz6l6,The best thing about Dec's recent drink driving / alcohol issues ....,"Is that I can finally tell Ant and Dec apart.

I wish Ant good luck on his new BGT solo career.",https://www.reddit.com/r/CasualUK/comments/8sz6l6/the_best_thing_about_decs_recent_drink_driving/,1529649299.0,111,0.9,27,CasualUK,bhavv
8syqcw,Just a review of a local school,,https://imgur.com/a/LZG07y0,1529644084.0,406,0.98,22,CasualUK,ASK_IF_IM_PENGUIN
8swm66,"In an attempt to resolve train delays efficiently, Southern line trains will now be racing to their final destinations.",,https://i.redd.it/td7mebg9vf511.jpg,1529623762.0,53,0.97,1,CasualUK,BestRbx
8swghi,National Trust is now using biodegradable packaging for its magazine!,,https://i.redd.it/rns62bg9rf511.jpg,1529622417.0,120,0.96,13,CasualUK,TheAntiqueSquid
8sw532,"Just back from holiday, and popped into Tesco for some essentials and used the self-scanner. Not good news it seems.",,https://i.redd.it/19s5k2wshf511.jpg,1529619793.0,235,0.98,28,CasualUK,HerrFerret
8svd9d,Saw some very considerate constructing in Newcastle today,,https://imgur.com/vHjFzLq,1529613770.0,68,0.99,4,CasualUK,denham599
8svcpv,This pub sign is in comic sans,,https://i.redd.it/v4bjb4u61f511.jpg,1529613652.0,148,0.98,46,CasualUK,scottmcraig
8sv2kz,This image from Greenwich Retail Park today... welcome to 1997,,https://i.redd.it/rm0mv5tvue511.jpg,1529611529.0,66,0.98,12,CasualUK,superflares
8sszpx,An interesting title,,https://i.redd.it/cnat4xiwld511.jpg,1529596403.0,988,0.99,49,CasualUK,suicidalgoat
8ssirw,I feel like I'm commiting some form of teason,,https://i.redd.it/hfyklkspbd511.jpg,1529592980.0,83,0.89,20,CasualUK,heamex
8ssftf,People are getting real creative with their Anti-pothole signs,,https://i.redd.it/o2ohtluu9d511.jpg,1529592349.0,325,1.0,20,CasualUK,Zardier
8ssclm,My mate parked his van on a residential street before a night out so he could sleep on the bed in the back later. Came back to see this absolute state of a letter.,,https://i.redd.it/htb5bjhq7d511.jpg,1529591663.0,317,0.96,221,CasualUK,[deleted]
8ss6kj,"Been thinking a lot lately about that time David Blaine came to UK and sat in a glass box for a month and we all just took the almighty piss and threw eggs at him. That was Britain at its best, I think.",,https://www.reddit.com/r/CasualUK/comments/8ss6kj/been_thinking_a_lot_lately_about_that_time_david/,1529590362.0,1216,0.99,197,CasualUK,mrsfran
8sqvj2,When you walking to the canteen full of big burly blokes and see them watching shit like this on TV,,https://i.redd.it/ssm65dhs3c511.jpg,1529578203.0,162,0.97,28,CasualUK,ThegreatestPj
8sqo60,Lovely day for craning üëç,,https://i.redd.it/gjt9zf7gwb511.jpg,1529575735.0,79,0.94,40,CasualUK,lfcdavey
8sqlf1,Found this jumper my nan knitted for me when I was a kid.,,https://i.redd.it/e37q0ndjtb511.jpg,1529574790.0,570,0.99,38,CasualUK,PM_ME_CAT_TOES
8sqkdy,My train is so delayed it'll take me back in time!,,https://i.redd.it/6xljldjisb511.png,1529574411.0,283,0.97,23,CasualUK,Androktone
8sqe61,Stacey pulling some shapes at the local club,,https://i.imgur.com/voePytX.gifv,1529572281.0,74,0.88,16,CasualUK,nicbrit93
8sqc5o,A mate of mine is cycling from Glossop to London... Snake Pass summit at dawn today.,,https://i.redd.it/jikb6cqxjb511.jpg,1529571568.0,136,0.97,30,CasualUK,aperijove
8sq9sw,Trying not to get too excited but... it looks like we just had an enormous delivery of pork pies at work!,,https://i.imgur.com/JXcAbej.jpg,1529570698.0,137,0.96,30,CasualUK,digehode
8spz5o,How do you do fellow kids?,,https://i.redd.it/e726b8026b511.jpg,1529566857.0,499,0.98,43,CasualUK,[deleted]
8sph88,My local Morrisons has dedicated a bench to a cat which frequented the car park to greet all the customer!,,https://i.redd.it/83oujqsfoa511.jpg,1529560980.0,3407,0.98,138,CasualUK,Space_Pilot_2000
8smcdo,One does not simply ask a comedy legend for a selfie.,,https://i.redd.it/8afa9e3q88511.jpg,1529531470.0,3064,0.94,116,CasualUK,DeepStatic
8sluxz,Disgusted.,,https://i.redd.it/w0gvi4avx7511.jpg,1529527782.0,864,0.98,154,CasualUK,[deleted]
8slip8,So someone is spray painting all the roundabouts in my local town to look like England flags. Steady on lads we‚Äôve only won one match.,,https://i.redd.it/yyu7uk3gq7511.jpg,1529525289.0,412,0.99,26,CasualUK,iridayciclitis
8skv6u,Going for it guys taking one for the team,,https://i.redd.it/hdwo1tz2c7511.jpg,1529520457.0,171,0.96,64,CasualUK,Captainweirdo54
8skqzj,The Cauliflower conundrum aka Welcome to Shropshire,,https://i.redd.it/9zx12zrv87511.jpg,1529519601.0,567,0.99,36,CasualUK,Alcoholic-Evian
8skgyz,We can rebuild her..we have the technology,,https://i.redd.it/slxseifj37511.jpg,1529517585.0,220,0.98,15,CasualUK,[deleted]
8skfql,Just opened my wheat crunchies - crispy bacon flavour overload!,,https://i.redd.it/8tgkx2xi27511.jpg,1529517339.0,118,0.98,21,CasualUK,wirral_guy
8ska8e,I'm 47 and have never seen a baby seagull. One was rescued by a friend locally.,,https://i.redd.it/7utzn6dnz6511.jpg,1529516277.0,1170,0.99,67,CasualUK,RedBanana99
8sj84q,Norfolk Levels: 100%,,https://i.redd.it/1v2pofyvc6511.jpg,1529508620.0,528,0.99,36,CasualUK,TomSankey
8siqrw,Only in the üá¨üáß,,https://i.redd.it/m8ptdqv326511.jpg,1529504994.0,68,0.92,10,CasualUK,[deleted]
8si2ck,Is it me or can NO taxi drivers drive properly?,Every time some idiot plonks up in the road it‚Äôs ALWAYS got a cab sticker on the window. ,https://www.reddit.com/r/CasualUK/comments/8si2ck/is_it_me_or_can_no_taxi_drivers_drive_properly/,1529499284.0,79,0.97,65,CasualUK,February-
8shv2s,This is always my happiest time of year! Take away and getting drunk tonight to celebrate another 13 months without worrying!,,https://i.imgur.com/5cs4p4r.jpg,1529497289.0,75,0.97,42,CasualUK,9DAN2
8shuwb,This pub is speaking my language,[deleted],https://imgur.com/BHhIa9F,1529497241.0,306,0.86,99,CasualUK,[deleted]
8sht8j,Mate of mine showed me his 12 year old son's book for sexual education... bit different to the condom on the banana...,,https://imgur.com/d4r0Ply,1529496792.0,311,0.97,198,CasualUK,clarkson92
8sh9h3,"Is someone taking the piss? from /r/london... ""I saw a live lobster walking down the street in Lewisham on my way into work today.""",,https://i.redd.it/fsy16qp744511.jpg,1529490916.0,110,0.95,36,CasualUK,miraoister
8sh7fh,It legitimately took this many phone calls to get through to my GP at 8 am (screenshot taken later in the day),,https://i.redd.it/6y21hbi7u4511.jpg,1529490231.0,182,0.97,71,CasualUK,Notsosidewayz
8sgzoe,Standard,,https://i.redd.it/vucqjgvam4511.jpg,1529487574.0,428,0.99,85,CasualUK,lonesome_wanderer23
8sgvnl,We can't spell in Somerset,,https://i.imgur.com/F8ewnKt.jpg,1529486072.0,753,0.98,68,CasualUK,[deleted]
8sgvm3,Really happy with how well some of my potatoes are doing.,,https://i.redd.it/n8bmgjknh4511.jpg,1529486060.0,103,0.97,30,CasualUK,Third_Chelonaut
8sgl15,Sky news is struggling for stories today,,https://i.redd.it/s6vuxfbt54511.jpg,1529482027.0,46,0.89,3,CasualUK,CoyneDawg
8sgap4,I love the feeling of apprehension and excitement when hearing someone say 'excuse me' loudly with tone in public.,Then watching everyone try to subtly look around at what's caused the need for a raised voice. Especially good on public transport.,https://www.reddit.com/r/CasualUK/comments/8sgap4/i_love_the_feeling_of_apprehension_and_excitement/,1529478534.0,86,0.96,18,CasualUK,[deleted]
8seajf,Who approves this stuff?,,https://i.redd.it/0m0wst4j52511.jpg,1529457723.0,52,0.95,29,CasualUK,thai_sticky
8sdt7x,My fianc√©e has recently got into Fallout 4...,"She just necked four bottles of Bourbon in mid-shootout and was shocked at not regenerating any health.

""Oh....... I thought it was the biscuits""

I love this girl.",https://www.reddit.com/r/CasualUK/comments/8sdt7x/my_fianc√©e_has_recently_got_into_fallout_4/,1529453307.0,72,0.92,30,CasualUK,phoenix_flies
8scukn,Who needs Mickey Mouse when you have JCBs!?!?!?!?!?,,https://i.redd.it/vu1nhtq741511.jpg,1529445172.0,101,0.94,7,CasualUK,MerryShip
8sc9je,Nearly hit the jackpot!,,http://imgur.com/4XUqnUG,1529440686.0,69,0.9,17,CasualUK,denham599
8sbocy,Need to go for a slash? Don't want to miss the football?,,https://imgur.com/a/BXPKcQd,1529436300.0,57,0.96,19,CasualUK,mr-mistoffelees
8sbljh,Absolute madlad mercury,,https://i.redd.it/qwiwbgp3c0511.jpg,1529435716.0,1335,0.99,50,CasualUK,umpstalumpsta
8sbcck,My Father-in-Law just found out that TK Maxx is a clothes shop and not a coffee shop called ‚ÄúTea Cakes Max‚Äù,,https://www.reddit.com/r/CasualUK/comments/8sbcck/my_fatherinlaw_just_found_out_that_tk_maxx_is_a/,1529433872.0,314,0.97,23,CasualUK,[deleted]
8sb8t1,They had me sold on a pint in this ungodly humidity.,,https://i.imgur.com/bH69qGu.jpg,1529433134.0,83,0.96,13,CasualUK,WaffleToasterings
8saxfm,Casual anthrax,,https://i.redd.it/a62dduvlxz411.jpg,1529430839.0,88,0.99,8,CasualUK,lulubz
8salc0,Who you gonna call?,,https://i.redd.it/jsda4gb6qz411.jpg,1529428341.0,91,0.88,7,CasualUK,[deleted]
8sagoq,The English Cricket Team just hit the highest ever ODI score in a match. Against Australia no less.,481 for 6. And 5 years ago nobody would have ever thought England would do this.,https://www.reddit.com/r/CasualUK/comments/8sagoq/the_english_cricket_team_just_hit_the_highest/,1529427466.0,75,0.99,12,CasualUK,Codimus123
8saec1,"After not being able to find the Iceland curry filled Yorkshire pudding as posted on here yesterday, Iv just created my own. Recipe in comments.",,https://i.imgur.com/LTEUcgL.jpg,1529426966.0,60,0.88,25,CasualUK,9DAN2
8sabl6,The UK and Ireland's most popular pub names,,https://i.redd.it/u9u5odqeuy411.png,1529426422.0,80,0.98,37,CasualUK,annotherday
8sa9gz,"Meanwhile, Duolingo is busy committing high treason",,https://i.redd.it/c4zikvu1jz411.png,1529425975.0,4025,0.97,188,CasualUK,thearguablepear
8s9vfo,The original Horrible Histories cast are reuiniting for BBC One sitcom 'Ghosts',,http://www.chortle.co.uk/news/2018/06/19/40263/horrible_histories_team_return..._as_ghosts,1529423080.0,66,0.98,10,CasualUK,[deleted]
8s9rdy,Human Centipede in B&amp;M's,,https://i.redd.it/fxcb0myy7z411.jpg,1529422221.0,325,0.98,28,CasualUK,petus213
8s920d,I ‚ù§Ô∏è LDN,,https://i.imgur.com/d2wC5PR.jpg,1529416620.0,258,0.97,37,CasualUK,spicerldn
8s8tah,Someone's keen.,,https://imgur.com/yJkeGYD,1529414502.0,178,0.98,11,CasualUK,KizzieMage
8s8c6h,"With the return of The Crystal Maze and other shows from the turn of the century, why are we still waiting for a reboot of Scrapheap Challenge?",[deleted],https://www.reddit.com/r/CasualUK/comments/8s8c6h/with_the_return_of_the_crystal_maze_and_other/,1529410084.0,160,0.98,102,CasualUK,[deleted]
8s86x0,There's a Twitter account which highlights people who forget the fact they're watching Good Morning Britain on ITV +1.,,https://twitter.com/GoodMornMorons,1529408638.0,141,0.96,28,CasualUK,Hassaan18
8s81j2,Robins before they get red breasts,,https://i.redd.it/cyenkwqsyx411.jpg,1529407039.0,87,1.0,14,CasualUK,petepete
8s809y,That's a bit of a tenuous connection...,,https://i.imgur.com/kP8HgCM.png,1529406653.0,94,0.99,5,CasualUK,[deleted]
8s7yq4,So where can I drink it???,,https://imgur.com/noIE0ta,1529406174.0,319,0.93,44,CasualUK,Voyager87
8s7kgh,"I just realised the line ""I messed my pants when we flew over France"" in the Busted song Air Hostess did not mean he spilt his drink",I feel betrayed,https://www.reddit.com/r/CasualUK/comments/8s7kgh/i_just_realised_the_line_i_messed_my_pants_when/,1529401201.0,95,0.91,41,CasualUK,lilgeoffrey
8s7js0,Baby in bags - Casual Scarborough,,https://i.gyazo.com/2038382d51677c23a05be6080f0eac4b.png,1529400939.0,407,0.97,98,CasualUK,Majorlol
8s7gds,Ever get that irrational fear you're being watched by a duck?,,https://imgur.com/GI11SmG,1529399691.0,339,0.94,36,CasualUK,muesli4brekkies
8s7g4y,NL-UK anniversary,"6 years ago, me and my dog moved to the fine West Yorkshire. With the clothes I was wearing and a backpack with her stuff in it. 
Off we went on a ferry.
Escaping an abusive ex husband.
We both fell in love instantly and we want to thank the wholllllle of the Uk for changing our lives for the better.
And today we will stuff ourselves with cake! 
Carry on.. that was all! ;) ",https://www.reddit.com/r/CasualUK/comments/8s7g4y/nluk_anniversary/,1529399610.0,2582,0.94,354,CasualUK,ClogsInBronteland
8s7fpy,What is the latest acceptable time for a delivery to be attempted at your home?,,https://i.redd.it/xkssj247cx411.jpg,1529399464.0,138,0.97,37,CasualUK,danger0usd1sc0
8s7d2y,"Seriously, this month has been hell.",,https://i.redd.it/3fc9bgmh9x411.png,1529398527.0,1175,0.95,142,CasualUK,Nevarc_Xela
8s3ork,Plymouth. The very city Sir Frances Drake noticed the Spanish Armada heading for Britain while he was playing a game of bowls. Look how far it‚Äôs come.,,https://v.redd.it/p2k7e6sp4u411,1529360788.0,355,0.98,136,CasualUK,OnMeFone
8s3h0j,"Seen in Salcombe, Devon. Ironically, there was a car parked next to it.",,https://i.redd.it/2kqjlqf90u411.jpg,1529359093.0,120,0.99,13,CasualUK,Myoplasmic
8s2v7b,England fans casually celebrating the win in Bournemouth...,[deleted],https://v.redd.it/av9qct86mt411,1529354515.0,52,0.94,10,CasualUK,[deleted]
8s2kk8,Welcome to London,,https://i.redd.it/eg3l9dcyft411.jpg,1529352263.0,142,0.96,22,CasualUK,Harry_monk
8s2if0,Hallo bambinos,,https://i.redd.it/jdbugminet411.jpg,1529351835.0,1097,0.97,63,CasualUK,sarcasticapplause
8s24p0,"my nan picked this up to watch thinking it ""might be like the borrowers""",,https://i.redd.it/iqxhr8pv5t411.jpg,1529348875.0,474,0.97,24,CasualUK,rw43
8s1j3k,The hero we need.,,https://i.redd.it/kwwp4rtdss411.jpg,1529344337.0,297,0.97,11,CasualUK,Heroic_Brew
8s1gj8,It felt like a major triumph in Morrisons today,"As I arrived, for some reason, I was humming The Bare Necessities from the Jungle Book.  I carried on through fruit and veg, I might have whistled quietly for a bit in the cheese section and on to the fish counter.

When I was at the checkout the cashier was already humming the same song.  ",https://www.reddit.com/r/CasualUK/comments/8s1gj8/it_felt_like_a_major_triumph_in_morrisons_today/,1529343807.0,70,0.98,10,CasualUK,the_real_grinningdog
8s17tf,Am I the only one who doesn't see the hype about Love Island?,I just don't get why the entire country is loving it. ,https://www.reddit.com/r/CasualUK/comments/8s17tf/am_i_the_only_one_who_doesnt_see_the_hype_about/,1529342005.0,56,0.83,66,CasualUK,February-
8s0wf0,Wells Cathedral gift shop is really trying to appeal to a younger demographic,,https://i.redd.it/tx3oue8des411.jpg,1529339630.0,228,0.99,25,CasualUK,hattiexcvi
8s0tqb,"Great score at asda today, freddos for only 6p each ! - something I thought I'll never see again",,https://i.redd.it/8shbmojlcs411.jpg,1529339031.0,188,0.98,25,CasualUK,Hyperion1221
8s0s15,"World Cup Thread, 18/06/18: England vs Tunisia",[deleted],https://www.reddit.com/r/CasualUK/comments/8s0s15/world_cup_thread_180618_england_vs_tunisia/,1529338655.0,124,0.93,1017,CasualUK,[deleted]
8s0fwm,Bouncy castle fun in the graveyard.,[deleted],https://i.redd.it/o2gbvd4n3s411.jpg,1529336111.0,217,0.99,27,CasualUK,[deleted]
8s0dz7,About to enter the Volgograd arena. C‚Äômon England!,[deleted],https://i.redd.it/w1ekyx3n2s411.jpg,1529335704.0,485,0.93,45,CasualUK,[deleted]
8s0bld,Ever seen a hollywood film meant to be set in England but there are errors of things the English just don't do?,"Currently watching a film meant to be set in England, the family get a takeaway but the boxes are the small square american cardboard ones that open at the top, whereas i think the whole of england uses the flat foil and cardboard containers or else plastic lidded containers.


Edit, nobody picked me up I said English because I was thinking of London, I actually meant to say British.
",https://www.reddit.com/r/CasualUK/comments/8s0bld/ever_seen_a_hollywood_film_meant_to_be_set_in/,1529335199.0,135,0.99,196,CasualUK,BECKYISHERE
8s0biz,"My home town, ladies and gents.",,https://i.redd.it/ik77d0u51s411.jpg,1529335182.0,104,0.98,13,CasualUK,Spudspecs
8rzp5u,Am I doing this right?,,https://i.redd.it/rwc9nmy5mr411.jpg,1529330266.0,67,0.88,25,CasualUK,[deleted]
8rzk61,This Review of (almost) the Worst Hotel in Birmingham,,https://i.redd.it/w2mvavxzir411.png,1529329078.0,116,0.97,56,CasualUK,jeffjeff2017
8rzbv6,Parody Twitter account claims Wetherspoons are banning all England shirts. The responses are glorious. Hook. Line. Sinker.,,https://twitter.com/wetherspoon__uk/status/1008389230823903232?s=21,1529327004.0,178,0.93,46,CasualUK,Gadget_SC2
8rz5ei,I love our neighbourhood watch Facebook page,,https://i.redd.it/yedjom9p7r411.jpg,1529325272.0,183,0.97,35,CasualUK,Harry_monk
8ryy7c,Truly heartbreaking :(,[deleted],https://i.redd.it/yiec0cjp1r411.jpg,1529323257.0,2552,0.99,130,CasualUK,[deleted]
8rxvsw,"Never change, Cardiff.",,https://imgur.com/Z6TJI6G,1529310149.0,15003,0.92,565,CasualUK,[deleted]
8rxtg1,Proud to be British post GCSE,,https://i.redd.it/yv6ucvmwvp411.jpg,1529309201.0,87,0.84,68,CasualUK,Somebody2804
8rxqbv,Parents make miraculous recovery.,,https://i.redd.it/17tiw6zcsp411.jpg,1529308010.0,487,0.98,28,CasualUK,[deleted]
8rxas5,In honour of my (pending/partially confirmed between 8am and 1pm) new telephone line installation I resprayed my router so it didn't look quite so Early Learning Centre...,,https://i.redd.it/tiyh9wlibp411.jpg,1529302518.0,70,0.88,34,CasualUK,dronebox
8ruo7g,NHS HR is serious about Hygiene,,https://i.redd.it/8zy9xojczm411.gif,1529275333.0,108,0.97,6,CasualUK,MC-Tic-Tac
8ru95p,"This is not just any Father‚Äôs Day cake. This is an M&amp;S, triple chocolate, Fathday Cake.",,https://i.redd.it/lgptqyxtrm411.jpg,1529271528.0,59,0.92,22,CasualUK,blank_and_terrified
8rtxa5,"You never know, it could happen!",[deleted],https://i.redd.it/40fzwl62jm411.png,1529268559.0,86,0.9,6,CasualUK,[deleted]
8rtv7e,"This week I have a telephone engineer coming to install a new line, Sky coming to install a new dish and a gas bloke coming to swap my pre-pay meter for a regular one... I have every confidence that all of these things will happen on time and glitch free","Edit: Monday 11am - After several pleasant texts and an actual call the Openreach Engineer arrives well within the allotted 8am-1pm period and parks up outside. Excitedly I run out to greet him with the offer of some lemon madeira cake I baked last night but can tell by his expression that something is amiss. He is not smiling.

Turns out nobody informed him that the telegraph pole to which my new line will be attached is located *across* the road from my house. Consequently he's brought the wrong sort of van in so far that the one he's brought doesn't have a cherry-picker on the back of it.

He telephones cherry-picker control and tells me they'll be back some time this afternoon after they've done a few other jobs... And so it begins...

Edit 2: Monday 1pm - Openreach Engineer has returned and he‚Äôs a right rude little bastard. Seems to think it‚Äôs my fault he didn‚Äôt know he‚Äôd need a cherry-picker to run the line across the road. No cups of tea or cake for this bell-end. He can do the work, fuck off and expect my letter of complaint about his attitude forthwith.

Edit 3: Monday 2pm - After some rude and obnoxious behaviour the Openreach engineer has fucked off without even telling me he'd gone. He has, however, managed to put a rather big crater in my 210 year old stone wall with his heavy handed drilling. Got a text from him later that simply said ""Job Completed""

Edit 4: Tuesday 12:15pm - Sky bloke arrives, on time, smiley and chatty, does the business with minimum fuss, has a single glass of Vimto and, 32 minutes later, leaves me with my new Sky Q box sitting warming up on the TV rack in the corner.

Edit 5: Tuesday 1:05pm - Pinch myself to check I'm awake and didn't just dream the visit from Sky bloke. Nope.. It was real! A seamlessly efficient visit with the desired outcome. Well done Sky.. And well done for agreeing to a 30% price drop too!

Edit 6: Wednesday 11:00am - Got a call from the area manager of MJQuinn (Openreach Contractors) regarding my complaint. Had quite the chat about the behaviour and performance of his engineer. Looks like they may be coming back to try to fix the damage they caused.

Edit 7: Wednesday 1:00pm - Gas bloke arrived on time and he's a lovely chap. Had a good chinwag about outdoor pursuits, good walks in the area, the football, the closure of high street shops and Br*xit etc. He did his stuff efficiently (which earned him a brew made with my regular teabags, not the crap ones I use to punish unruly tradesmen). He explained what he was doing, why he was doing it, finished the job, handed me the advisory papers and went on his jolly way..

So, in summary, two of my three visitors were rather splendid and delivered seamlessly. One was a twat who'll hopefully get what's coming to him from his area manager..",https://www.reddit.com/r/CasualUK/comments/8rtv7e/this_week_i_have_a_telephone_engineer_coming_to/,1529268053.0,64,0.98,21,CasualUK,dronebox
8rtr49,TIL Craig (winner of the first Big Brother) gave every penny of his winnings to his dying friend. He has now raised millions for charity. What a great British chap!,,https://en.wikipedia.org/wiki/Craig_Phillips,1529267074.0,115,0.96,22,CasualUK,BlandTea
8rtb58,The Roast of the Gods. Chicken Stuffed With Haggis.,,https://i.redd.it/bv4d0s6r2m411.jpg,1529263132.0,84,0.9,27,CasualUK,kopsy
8rtacy,What ever happened to pub toilet jokes,,https://i.redd.it/aox7i1wa2m411.jpg,1529262927.0,416,0.96,10,CasualUK,[deleted]
8rt9fq,"This review for Pizza Hut, Epsom",,https://i.redd.it/z9mrbgvm1m411.jpg,1529262698.0,83,0.93,7,CasualUK,IsDinosaur
8rsu0s,"It's so middle class round here, even the Graffiti is educational",,https://i.imgur.com/MPBVJEZ.jpg,1529258976.0,88,0.98,4,CasualUK,BanginDrumsNMums
8rsqmh,This is what Sunday dinners should have.,,https://i.redd.it/mdedmc57ol411.jpg,1529258194.0,160,0.95,31,CasualUK,Cdh790
8rsiex,What a lovely neighbourhood,,https://i.redd.it/tv5snecdil411.jpg,1529256222.0,539,0.98,83,CasualUK,jadeeski
8rsflh,Fucking Hermes,"Ordered something from John Lewis, supposed to be delivered by Hermes last Thursday. Come Thursday, I get a text that it's out for delivery. Get home from work and there's no card, nothing. They have no phone number (of course), so I have to live chat them. The guy says it wasn't delivered due to an 'access issue' (the only access issue is that I wasn't home - I live in a house, not a flat, and they could have left it with a neighbour). I ask why no card was left, which he ignored. He tells me there is no depot to pick it up from (again, of course), but I can have it redelivered on Saturday when I will be in. 

Yesterday early afternoon comes and I haven't had a new delivery text, so I start a new live chat. Reassured it will definitely be delivered that day. No parcel arrives. Contact them again - apparently now there is a different issue, and I have to wait until today to contact them. I get annoyed (but not rude or abusive) and my connection to live chat mysteriously cuts out.

So again, today: live chat. Now, they have to do a 'warehouse sweep' to locate the parcel. 

""So, you've lost it then?""

""No, it's not lost. We need to do a warehouse sweep""

""So it's lost?""

""No"".

[Live chat mysteriously cuts out again].

Fucking hell. What's up with these jokers? Any advice? I'm assuming just get a refund from John Lewis. This was supposed to be a birthday present, but that's come and gone.",https://www.reddit.com/r/CasualUK/comments/8rsflh/fucking_hermes/,1529255544.0,60,0.93,19,CasualUK,55Totoro
8rscvl,That new hip is about to get tested.,,https://i.redd.it/6id5o0mjel411.jpg,1529254938.0,215,0.94,12,CasualUK,iamthebenj
8rsaw2,Good marketing at Sainsbos,,https://i.redd.it/q2zcvwk7dl411.jpg,1529254485.0,898,0.98,37,CasualUK,hauntedbundy_
8rsa7p,Local Asda getting supportive,,https://i.redd.it/gew2zrwocl411.jpg,1529254317.0,93,0.9,9,CasualUK,Ancebar
8rs02i,Tesco have 1ltr bottles of whisky as a ‚Äòweekly help‚Äô,,https://i.redd.it/jqngp30t4l411.jpg,1529251663.0,345,0.97,34,CasualUK,ManILoveFarming
8rrjrt,Cheeky plate I saw the other day,,https://i.redd.it/4b0ziuz6sk411.jpg,1529247418.0,89,0.95,5,CasualUK,[deleted]
8rrbuj,The mens clothes designers for Asos must have been tripping balls,,https://i.imgur.com/jD2MeVc.png,1529245278.0,239,0.97,50,CasualUK,fireball_73
8rr90p,Is it a requirement when huffing laughing gas to leave the canisters behind?,It drives me mad seeing piles of them on pavements.  Give yourselves brain damage for all I care but for Christ sake clean up after yourselves! ,https://www.reddit.com/r/CasualUK/comments/8rr90p/is_it_a_requirement_when_huffing_laughing_gas_to/,1529244498.0,148,0.99,56,CasualUK,DisneyBounder
8rr2dp,Think I'll stick to my trusty old pint glass.,,https://i.redd.it/7alyah3vdk411.jpg,1529242636.0,566,0.99,57,CasualUK,[deleted]
8rqzui,Off the back of a BrewDog are shite post,,https://i.redd.it/4zzucminbk411.jpg,1529241860.0,61,0.95,49,CasualUK,wbbigdave
8rqp64,Why do they need a shop?,,https://imgur.com/PvRj6VG,1529238357.0,165,0.97,65,CasualUK,PM_ME_AMAZON_VOUCHER
8rqgdj,Why I like brighton,,https://i.imgur.com/7uTDAmg.jpg,1529235078.0,1420,0.98,314,CasualUK,IBoudiaf
8rqdxi,Sausage content. In Richmond‚Äôs it‚Äôs 42% pork. I got some of Aldi‚Äôs own and they were 97% pork. What the fuck are in Richmond‚Äôs?,,https://i.redd.it/lui2nlhloj411.jpg,1529234099.0,205,0.97,79,CasualUK,Kingkunta87
8rq6fn,"Cannot unsee/not chuckle. Sheen, SW London",,https://i.redd.it/c5omvtedfj411.jpg,1529231000.0,644,0.97,17,CasualUK,[deleted]
8rq5ey,The wisteria walkway in Bath,,https://i.imgur.com/N6JWczx.jpg,1529230511.0,132,0.96,26,CasualUK,liketo
8rq2g7,Call of the search guys. Morrisons have finally done it.,,https://i.redd.it/aj5gl231aj411.jpg,1529229202.0,80,0.93,11,CasualUK,YaaarDy
8rq0t2,Soup of the day,,https://i.redd.it/063992om7j411.jpg,1529228414.0,702,0.97,27,CasualUK,RazeBlods
8rpyiw,"Fine, fine, fine, What?!?, fine, fine, fine, fine",,https://i.redd.it/x2dsehfe4j411.jpg,1529227307.0,60,0.93,14,CasualUK,ohwhatnowoscar
8rpy0d,"""Thanks drive""",,https://i.redd.it/vvvwbvh28g411.jpg,1529227069.0,861,0.98,88,CasualUK,flamemaster900
8rputf,The only way to make a Northern Rail train look scenic,[deleted],https://i.redd.it/b61lvnf2zi411.jpg,1529225571.0,1461,0.99,119,CasualUK,[deleted]
8rppcn,"Aged 41, I finally got my Blue Peter badge",,https://i.redd.it/8fg5nhberi411.jpg,1529222936.0,2605,0.92,220,CasualUK,gingerbenji
8rpgph,RIP Betterware mag. Found this old gem whilst clearing out my phone.,[deleted],https://i.redd.it/3dmy8f2yfi411.jpg,1529219083.0,222,0.97,27,CasualUK,[deleted]
8rokwa,Doubt many of you were up at 4.30 so here was the sun rise we had,,https://i.redd.it/z8frgv3rhh411.jpg,1529207586.0,307,0.96,22,CasualUK,delightedbanana
8rnf7h,Deeply philosophical.,,https://i.redd.it/v7u5g2o5fg411.jpg,1529194604.0,83,0.98,13,CasualUK,joetry
8rmrsj,"Never change, Bristol",,https://i.redd.it/hv8vq2w2vf411.jpg,1529187858.0,188,0.99,5,CasualUK,2dayistmrsyesterday
8rmlg1,I've got a drawer full of coal tar soap. This must be what heaven smells like.,,https://i.imgur.com/Yik7SsK.jpg,1529186182.0,66,0.97,11,CasualUK,cubbish
8rmfz4,It's my husband's birthday today. I made him a pie.,,https://i.redd.it/mcww445nlf411.jpg,1529184723.0,212,0.97,37,CasualUK,Duvetmole
8rmfom,My framed vintage Wotsits pack where you can win a sky dish and get some free Simpsons stickers.,,https://i.imgur.com/x04bh6L.jpg,1529184646.0,142,0.96,8,CasualUK,[deleted]
8rm6wd,Anyone else used to think these bad boys contained actual ice cream?,,https://i.redd.it/1i0pv50sef411.jpg,1529182379.0,65,0.98,12,CasualUK,EMOGLOBIN123
8rl71b,What are your British conspiracy theories?,[deleted],https://www.reddit.com/r/CasualUK/comments/8rl71b/what_are_your_british_conspiracy_theories/,1529173097.0,119,0.98,237,CasualUK,[deleted]
8rl5tf,Ummm...thanks Netflix,,https://i.redd.it/xurgm4s5me411.jpg,1529172794.0,195,0.98,10,CasualUK,Robtimus_prime89
8rl2nc,Found this on Quora,[deleted],https://i.redd.it/d66b8hczje411.png,1529172026.0,449,0.99,30,CasualUK,[deleted]
8rksc3,I'd love to see the cctv footage of how many attempts it took to get the cone up there.,,https://i.redd.it/u9q35ck2ce411.jpg,1529169359.0,69,0.96,13,CasualUK,bonster85
8rkk7n,Looks like the Iceland mums are letting the teenagers manage their social media today...,,https://i.imgur.com/RsFO9r6.png,1529167377.0,786,0.98,13,CasualUK,RUFiO006
8rkhqc,"Lancaster Bomber skimming rooftops, as captured from my house",,https://i.redd.it/9ccigbu73e411.jpg,1529166776.0,410,0.97,42,CasualUK,dynimo
8rkh0f,My village uses sheep feed bags and fertilizer bags for bunting.,,https://i.redd.it/5nku07yp3e411.jpg,1529166589.0,65,0.95,2,CasualUK,mookx
8rkfvh,Look at this monster Wotsit. Tasted of pure dust.,,https://i.redd.it/um6oliuw2e411.jpg,1529166295.0,224,0.98,22,CasualUK,DrJrea
8rk8lx,I can see these cards flying off the shelves in Norfolk,,https://i.redd.it/mskpp75pxd411.jpg,1529164524.0,755,0.97,50,CasualUK,craggsy
8rk62h,This trolley is 100% older than me I don‚Äôt even know what shop that is.,,https://i.redd.it/b4xb9xjtvd411.jpg,1529163888.0,249,0.99,162,CasualUK,[deleted]
8rk609,World's tallest crier in today's Shrewsbury Carnival,,https://i.redd.it/u6ssjoynvd411.jpg,1529163873.0,55,0.95,10,CasualUK,16stratus
8rjw0u,Obligatory ‚ÄúI‚Äôm on holiday and this has a funny name‚Äù photo.,,https://i.redd.it/78wdtn5aod411.jpg,1529161355.0,65,0.89,14,CasualUK,syncopant
8rjobo,Bargain on my local selling page.,,https://imgur.com/2vUs6X7,1529159247.0,52,0.95,4,CasualUK,QuickPin
8rj9q4,This is not just a warning...,,https://imgur.com/aJO2hKe,1529154832.0,59,0.95,4,CasualUK,Silaqui2807
8rj7qa,Is there anything more British?,[deleted],https://www.reddit.com/r/CasualUK/comments/8rj7qa/is_there_anything_more_british/,1529154194.0,198,0.95,30,CasualUK,[deleted]
8riwib,Fantastic coverage from the BBC,,https://i.redd.it/8xrr3mkbrc411.jpg,1529150269.0,334,0.96,29,CasualUK,HarryGoLocky
8riw07,The three stages of British summer,,https://i.imgur.com/jgG6wwZr.jpg,1529150058.0,211,0.97,7,CasualUK,RachelRileysPants
8ritoe,Learn how to be a proper mechanic,,https://i.redd.it/xjmso6mrnc411.png,1529149084.0,1167,0.99,36,CasualUK,digdilem
8rijxy,PSA: The Chuckle Brothers return to TV tonight,5.05pm. channel 5,https://www.reddit.com/r/CasualUK/comments/8rijxy/psa_the_chuckle_brothers_return_to_tv_tonight/,1529145010.0,60,0.94,6,CasualUK,OnceHadHair
8riiab,'I suggest you pay for a cleaner then!' (Wasn't me),,https://i.redd.it/fwslv2lf9c411.jpg,1529144253.0,146,0.98,24,CasualUK,[deleted]
8rid2e,Retro Tesco Bag!,,https://i.redd.it/8wkb1quf2c411.jpg,1529141901.0,786,0.98,57,CasualUK,h0bbitr1x
8riahu,It was a fair bit windy last Thursday...,,https://i.redd.it/fslu4odyyb411.jpg,1529140755.0,84,0.98,4,CasualUK,Hullian111
8ri724,I used to look up to my grandad. I even remember his last words,[deleted],https://www.reddit.com/r/CasualUK/comments/8ri724/i_used_to_look_up_to_my_grandad_i_even_remember/,1529139216.0,407,0.92,40,CasualUK,[deleted]
8ri4kx,The great British art of Dirty Van Graffiti,,https://i.redd.it/zcw9owx2rb411.jpg,1529138080.0,224,0.97,12,CasualUK,jimmyh41
8rhxyl,Fast low flying jets at Mach Loop North Wales,,https://youtu.be/lmH3-uHLxig,1529135162.0,118,0.95,38,CasualUK,Uraflght
8rhr13,"The SAS, one of the greatest special forces in the world, has as their official march something which sounds more like something out of a 1970s sitcom.",,https://www.youtube.com/watch?v=-0Ix_VsocwY,1529132324.0,90,0.97,22,CasualUK,[deleted]
8rhpi7,A polite request about the English flag.,"Lads and lasses. We have 154k readers, many of them English and it's the World Cup. 

You're probably going to see a lot of English Flags over the next 4, I mean 2 weeks.

If you find the flag offensive or racist then, seriously, this may not be the sub for you for the next month and perhaps you should give us a break.

Alternatively you could continue with your opinion but not leave a comment. Remember we're not here for moans or complaints.

It's a pain having to interrupt monitoring our Reddit based income streams to remove the moaning comments so please think of the Mods and give it a rest.

Ta.",https://www.reddit.com/r/CasualUK/comments/8rhpi7/a_polite_request_about_the_english_flag/,1529131687.0,532,0.89,270,CasualUK,HPB
8rhdca,UK_irl,[deleted],https://i.redd.it/h0rpi575ua411.jpg,1529127006.0,116,0.96,18,CasualUK,[deleted]
8regw7,Found some great british graffiti,,https://i.redd.it/u9rxnqzhe8411.jpg,1529097528.0,62,0.96,4,CasualUK,jack-mackenzie
8refkh,Someone just had to add that last bit,,https://i.redd.it/ga4a4fkkd8411.jpg,1529097216.0,113,0.98,11,CasualUK,mud_butter
8re2m9,"Found at my local tesco express, 10/10 for effort",,https://i.redd.it/rni6sxhr48411.jpg,1529094256.0,336,0.97,9,CasualUK,bathroommatt
8rdyrs,You're not a true southerner til' you've watched the Wurzels live,,https://i.redd.it/i828bro728411.jpg,1529093396.0,113,0.96,30,CasualUK,EternalUmbreon
8rct2z,There's a pigeon couple who always sit together on the shed and watch the sun go down. Just one has been sat alone for an hour and I just want to invite him in for a consolation drink.,,https://i.redd.it/enlv3vkta7411.jpg,1529084183.0,55,0.95,6,CasualUK,[deleted]
8rcnob,Come on ENgLADn!,,https://i.redd.it/3mjt856d77411.jpg,1529083028.0,1297,0.98,58,CasualUK,NoodlePie90
8rcirg,What Time is it Tesco?,,https://i.redd.it/lyv4de5a47411.jpg,1529081988.0,108,0.96,0,CasualUK,AddInvest
8rcaq2,"Just dropped my box of takeaway chicken nuggets all over the road whilst I was getting in my car. One nugget nearly got run over, and I was nearly knocked down by a cyclist, but I managed to retrieve and eat them all. 30 second tarmac rule? Tell me I did the right thing.",,https://www.reddit.com/r/CasualUK/comments/8rcaq2/just_dropped_my_box_of_takeaway_chicken_nuggets/,1529080253.0,166,0.93,42,CasualUK,55Totoro
8rc19h,Wilko are getting rid of some of there pic n mix so they're selling off cheap. Think I got a bargain here,,https://i.imgur.com/J2gIdpa.jpg,1529078210.0,207,0.97,29,CasualUK,PensivePengu
8rc167,During the Victorian Era there were special tea cups designed to keep the drinker's moustache out of the tea,[deleted],https://i.redd.it/84zmhhux95411.jpg,1529078189.0,51,0.94,19,CasualUK,[deleted]
8rbq14,State of Affairs: Off peak afternoon train from Leeds to Liverpool. Not enough room for everyone. Dozens turned away.,,https://i.redd.it/wguat2xtl6411.jpg,1529075784.0,126,0.96,40,CasualUK,henry0604
8rawme,I found a three tiered Jammie Dodger.,,https://imgur.com/Jg9Zn7I,1529068995.0,353,0.98,27,CasualUK,ManeshHalai
8r9tx4,The first time I've seen one in it's natural habitat...,,https://i.redd.it/yd4o0qpc35411.jpg,1529057467.0,80,0.94,17,CasualUK,jogi01234
8r9m4g,Genuine Headline,,https://i.redd.it/5z2tr5bwu4411.jpg,1529054615.0,3650,0.98,51,CasualUK,Kingkunta87
8r9k7m,I met this cool girl in London and everything was going great until I sneezed and covered my hand in snot.,Hayfever man,https://www.reddit.com/r/CasualUK/comments/8r9k7m/i_met_this_cool_girl_in_london_and_everything_was/,1529053894.0,55,0.91,51,CasualUK,[deleted]
8r9eix,Assume he‚Äôs from Shropshire,,https://i.imgur.com/sUvRLkX.jpg,1529051740.0,501,0.96,22,CasualUK,nicbrit93
8r9cim,"On walk just now, ¬£1 coin for scale",,http://imgur.com/wEuBL76,1529050898.0,131,0.97,34,CasualUK,goldfishpaws
8r9cbu,"Weekly Gin, now bourbon.",,https://i.redd.it/yn6cw4zlj4411.jpg,1529050825.0,59,0.93,18,CasualUK,[deleted]
8r98uc,I audibly groaned. Pun game on point,,https://i.imgur.com/llHethf.jpg,1529049451.0,269,0.94,27,CasualUK,TechnicalChaos
8r93j4,Eid mubarak /r/casualuk!,,https://www.reddit.com/r/CasualUK/comments/8r93j4/eid_mubarak_rcasualuk/,1529047422.0,622,0.83,121,CasualUK,Autisticunt
8r91ig,Just seems a bit casual,,https://i.redd.it/xsp8qq4b74411.jpg,1529046687.0,139,0.96,23,CasualUK,[deleted]
8r8w8f,Bargain,,https://i.redd.it/e5c3spcz14411.png,1529044890.0,1287,0.98,139,CasualUK,JessRobL22
8r8k8c,World cup: Day 2,"Running order;

Egypt - Uruguay

Morocca - Iran

Portugal - Spain

WORLD CUP WOOHOO!",https://www.reddit.com/r/CasualUK/comments/8r8k8c/world_cup_day_2/,1529040828.0,67,0.85,289,CasualUK,jptoc
8r6ws9,"LPT: If you're in the UK and need to call the police, but can't talk, press 55 after dialling 999 to let the operator know.","Edit: from a DM: ""I was a call handler for Avon and Somerset Police, now a dispatcher. I just wanted to say though that the best advice which goes hand in hand with 55, is to keep the line open for as long as possible so that the call handler can hear there is a disturbance. It also reduces the likelihood of them calling the person back and putting them at risk.""",https://www.reddit.com/r/CasualUK/comments/8r6ws9/lpt_if_youre_in_the_uk_and_need_to_call_the/,1529023460.0,3185,0.98,189,CasualUK,naraic42
8r6ras,Does anyone else have cat friends?,"Like you don't know their owners or anything but you see the same cats out and about on your way to work or somewhere, so you give them nicknames and stop to say hello and give them a tickle? I regularly see cats I have informally titled Shifty, Greybeard, Dr Stripes and Podgehog. 



You see now I've typed it out it sounds a bit mental.",https://www.reddit.com/r/CasualUK/comments/8r6ras/does_anyone_else_have_cat_friends/,1529021997.0,266,0.97,92,CasualUK,mronion82
8r6qzz,"Went to a Joe Lycett gig tonight, unreserved seating and ended up in the front row. Completely on a whim, the couple beside me got engaged during the show!",,https://i.redd.it/4qvv1d7n52411.jpg,1529021922.0,128,0.88,12,CasualUK,physicsandbunnies
8r5x1o,Hayfever at 11pm can bugger off!!,"And it's only going to get worse this weekend. 

Anyone else suffering more than usual?",https://www.reddit.com/r/CasualUK/comments/8r5x1o/hayfever_at_11pm_can_bugger_off/,1529014482.0,74,0.93,37,CasualUK,losimagic
8r462o,Driving past this abomination every day.,,https://i.redd.it/19679qeuf0411.jpg,1529001126.0,236,0.95,53,CasualUK,DeadYen
8r45gy,Lovely day in Canterbury,,https://i.imgur.com/yQurLFw.jpg,1529001011.0,103,0.98,14,CasualUK,Corvus____
8r37u8,Not your usual Royal related news.,,https://i.redd.it/2r405ypntz311.png,1528993665.0,257,0.97,12,CasualUK,[deleted]
8r3352,Is there a more British news story than this,,https://i.redd.it/c75phq0lqz311.png,1528992706.0,203,0.97,9,CasualUK,R1ckyg
8r2zhn,Exam stress starting to take it‚Äôs toll,,https://v.redd.it/t4nmuu6ioz311,1528991997.0,179,0.97,43,CasualUK,Herringsish
8r2u0f,The Four Horseman of the Underground,,https://i.redd.it/0r3jn76ugz311.png,1528990823.0,269,0.95,46,CasualUK,Edolix
8r2kxu,Well done Robbie. I do wonder what folk not on this land think of us.,,https://i.redd.it/r3unmpwefz311.jpg,1528988874.0,50,0.98,15,CasualUK,JegSnakkerNorskIkke
8r2fth,She‚Äôs a keeper,,https://i.redd.it/too1vg77cz311.jpg,1528987794.0,112,0.89,25,CasualUK,millsytime
8r2ex4,"Got given a milk tray as a gift for volunteering, what is this 1 tier cheapskate travesty.",,https://i.redd.it/tca04tmmbz311.jpg,1528987601.0,297,0.95,47,CasualUK,jammydodger10313
8r272a,British Paratrooper stuck on a tree after failed landing,[deleted],https://i.redd.it/mnybdl6c6z311.png,1528985835.0,515,0.96,17,CasualUK,[deleted]
8r1z6p,Couple of foxes having a run around in a neighbour's garden.,,https://v.redd.it/oq9coigt0z311,1528984101.0,89,0.96,14,CasualUK,peacenfunk
8r1sbl,I want to be as excited about something as much as this kid is excited at seeing the Queen,,https://i.redd.it/a55nmpa3wy311.jpg,1528982405.0,135,0.94,16,CasualUK,LDrudok
8r1oau,What A Lad,[deleted],https://i.redd.it/gqevlhabty311.jpg,1528981445.0,82,0.86,21,CasualUK,[deleted]
8r0s63,England fan covers house with giant flag,,https://www.bbc.co.uk/news/uk-england-lincolnshire-44480646,1528972229.0,80,0.95,32,CasualUK,wrdb2007
8r0ocu,There is no better time to enjoy this classic sketch from That Mitchell And Webb look than on the opening day of the world cup,[deleted],https://youtu.be/MusyO7J2inM,1528970977.0,473,0.95,44,CasualUK,[deleted]
8r0mxf,Low budget Addams family cosplay,,https://imgur.com/e4EsAuw,1528970523.0,72,0.95,3,CasualUK,[deleted]
8r0f4n,"So yesterday the M25 got slowed to 20mph because of an ""oncoming vehicle"", i.e. vehicle going the wrong way. This went on for quite a few junctions, and I can find -nothing- about it anywhere.","Anticlockwise, sometime around 7:20-7:40pm'ish (guessing), junctions from around 20 to 16 I think.

Would have thought a car (or whatever) going the wrong way round the M25 in the tail end of rush hour would have been news *somewhere* at least, even if only a couple of paragraphs in a local newspaper. Surprised not to find anything at all - anyone know what happened?",https://www.reddit.com/r/CasualUK/comments/8r0f4n/so_yesterday_the_m25_got_slowed_to_20mph_because/,1528967775.0,57,0.94,16,CasualUK,mccalli
8r0dsj,This traffic light reminds me of that Michael Jackson dance move,,https://i.imgur.com/TdmccHt.jpg,1528967290.0,85,0.93,18,CasualUK,basicchannels
8r0azo,Two facets of English optimism,,https://imgur.com/1hU55z0,1528966212.0,2281,0.98,114,CasualUK,fireball_73
8r0a9d,Just caught my younger brother putting bonjela on his grazed knee after 5-a-side game. Turns out the div had got it confused with Savlon over the years at some point.,,https://www.reddit.com/r/CasualUK/comments/8r0a9d/just_caught_my_younger_brother_putting_bonjela_on/,1528965935.0,273,0.97,50,CasualUK,jonojack
8r00uk,Must have got a dodgy pack...,,https://i.redd.it/842vs8ft8x311.jpg,1528962453.0,6237,0.91,181,CasualUK,cryptoknight1066
8qycbn,"World Cup viewing essentials: decent snacks, good beer, better mates and.. Veet for Men Hair Removal Cream?",,https://i.imgur.com/F4ZuNLG.jpg,1528943848.0,134,0.97,24,CasualUK,91mQ
8qwvjk,Catnip Cat is in the bloody tree again,,https://i.imgur.com/72awNUg.jpg,1528930524.0,69,0.97,6,CasualUK,[deleted]
8qvsl9,British bloke buys a bottle of beer from each of the 32 teams participating in the World Cup.,,https://www.mirror.co.uk/sport/football/news/world-cup-beers-one-hipster-12695670#comments-section,1528921997.0,62,0.89,16,CasualUK,_rickjames
8qvawq,Spotted this Starling in my tree the other day,,https://i.redd.it/p18oyrickm311.jpg,1528918343.0,248,0.96,24,CasualUK,Corvus____
8qufes,Outside a pub in Liverpool.,,https://i.imgur.com/jzLWskf.jpg,1528911998.0,317,0.91,21,CasualUK,anagoge
8qtswx,Losing My British Food Virginity Today! (American Here),,https://i.imgur.com/iexTBaB.jpg,1528907373.0,974,0.95,502,CasualUK,kulltsb
8qtk3n,The Ideal Specimen,,https://i.imgur.com/1O4OuoX.jpg,1528905564.0,863,0.98,36,CasualUK,MaTtSeV1
8qtjmm,Good ol Yorkshire hospitality in Leeds.,,https://i.redd.it/fc263zdejs311.jpg,1528905466.0,174,0.96,15,CasualUK,[deleted]
8qtcbi,My brain hurts.,,https://i.redd.it/rbthy88zes311.jpg,1528903978.0,337,0.97,33,CasualUK,Jorarl
8qtanp,Haven‚Äôt a foggiest mate!,[deleted],https://i.redd.it/7cbtt9nxds311.jpg,1528903632.0,158,0.97,5,CasualUK,[deleted]
8qso0u,Happens every other week,[deleted],https://i.redd.it/32kz4ds3zr311.jpg,1528898640.0,127,0.99,11,CasualUK,[deleted]
8qsj23,Spotted in a toilet cubicle in Manchester. Poor Anna,,https://i.redd.it/zy6rtkcovr311.jpg,1528897496.0,202,0.95,9,CasualUK,TheCrunchyGroovster
8qsdep,This seems wonderfully British for so many reasons...,,https://v.redd.it/ooxgb31zqq311,1528896093.0,84,0.93,20,CasualUK,TristansDad
8qscgl,Some boat out there boy!!!,,https://i.redd.it/efpquy4sqr311.jpg,1528895842.0,71,0.95,31,CasualUK,Glautch
8qrwaj,Boris bike upgrade,,https://i.redd.it/mamvr766er311.jpg,1528891634.0,664,0.98,30,CasualUK,pineapplecharm
8qrrkj,Spent my time in the Louvre accordingly,,https://i.redd.it/c5nuslu7ar311.jpg,1528890270.0,183,0.97,24,CasualUK,mardypig
8qrbxo,BBC making me think Gareth Southgate got a shoebox vase for ¬£14million,,https://imgur.com/taVrT8t,1528885322.0,383,0.98,20,CasualUK,Rookie385
8qrb63,Greetings from the English Riviera,,https://i.imgur.com/phC3qC9.jpg,1528885057.0,152,0.97,32,CasualUK,RachelRileysPants
8qr9ls,A few weeks I started up a channel about Yorkshire History. I'd really appreciate it if you checked it out!,,https://www.youtube.com/channel/UC4EhKVJccvPDs5dF8hxQ3JQ,1528884536.0,63,0.92,20,CasualUK,[deleted]
8qr25h,What are your favourite UK-focussed YouTube channels?,I'm a big fan of LondonHacks: https://www.youtube.com/watch?v=Zuv4sriB2jM,https://www.reddit.com/r/CasualUK/comments/8qr25h/what_are_your_favourite_ukfocussed_youtube/,1528881926.0,55,0.94,92,CasualUK,delRefugio
8qqp7c,Where the fuck can i get one of those,,https://i.redd.it/5ee66ixu6q311.png,1528877043.0,120,0.95,14,CasualUK,aff_it
8qnxjy,"I've just eaten an entire McVities Jamaica Ginger cake to myself, including all the stuff stuck to the wrapper that I scraped off and ate.",[deleted],https://www.reddit.com/r/CasualUK/comments/8qnxjy/ive_just_eaten_an_entire_mcvities_jamaica_ginger/,1528848152.0,258,0.97,59,CasualUK,[deleted]
8qlqnf,Anyone remember when this bus came to your primary school every year?,,https://i.redd.it/s34ihl4pdm311.png,1528830907.0,116,0.91,59,CasualUK,le_emagzz
8qlmfv,Random wagon driver saved me being late to work today!,"So there I am at 6am waiting for me bus, and it appears so I stick my arm right out straight away and the driver just went right past me without stopping. Didn't even slow. 

The wagon driver following behind saw all this - he'd have been able to see me arm out presumably and I expect was thinking the bus would pull in so he could go past - and he actually pulled up and said to get in and he'd catch it up so I could get on, and he followed it two stops until it stopped and I got out and got on.  I said thanks and everything. I'd have been an hour late to work otherwise. Really good guy and I just wanted to share a happy story.

I didn't have a go at the bus driver because it was really clear they just didn't give a fuck. Literally couldn't care less. Plus I was worried they might not let me on if I did. ",https://www.reddit.com/r/CasualUK/comments/8qlmfv/random_wagon_driver_saved_me_being_late_to_work/,1528830093.0,94,0.99,33,CasualUK,BottleGoblin
8ql3cy,taking a moment to appreciate the wonderful wildlife,,https://i.redd.it/a1jvqieyzl311.jpg,1528826289.0,77,0.95,7,CasualUK,thearguablepear
8qkldt,You can tell the world cups on again....,,https://i.redd.it/udb5dv0dpl311.jpg,1528822726.0,236,0.96,34,CasualUK,Dreamxtreme
8qk7wj,New world cup beermats at the pub.,,https://imgur.com/XN7muDi,1528819972.0,465,0.97,8,CasualUK,SuperMinion
8qjqlh,This passed me by the first time; too spicy,,https://i.redd.it/eo18cju77l311.jpg,1528816622.0,93,0.94,30,CasualUK,[deleted]
8qjjj9,Does Primark really want to go down the road of encouraging bedazzled arse cheeks?,,https://i.redd.it/l8m0g7qv2l311.jpg,1528815161.0,233,0.98,25,CasualUK,Big_Miss_Steak_
8qjgou,Unbelievable scenes in the local Facebook Page,[deleted],https://i.redd.it/po2mvnp01l311.jpg,1528814535.0,237,0.95,13,CasualUK,[deleted]
8qjegx,Anyone else got passive aggressive signs up at work? This is on the inside of a toilet door...,,https://i.redd.it/9snyw3rjzk311.jpg,1528814042.0,105,0.97,17,CasualUK,cryptus
8qj7v8,"TripAdvisor's guide to British etiquette is rather brilliant. ""The British do notice if someone's voice is raised and if other people can hear your conversation, they will think you are very rude. Most won't say anything but you may be subject to hard stares and tuts.""",,https://www.tripadvisor.co.uk/Travel-g186216-s606/United-Kingdom:Tipping.And.Etiquette.html,1528812536.0,248,0.98,30,CasualUK,Xais56
8qj4q9,Come Dine With Me,[deleted],https://www.reddit.com/r/CasualUK/comments/8qj4q9/come_dine_with_me/,1528811854.0,76,0.93,78,CasualUK,[deleted]
8qisbd,"Percy man, it's ok, I feel u bro :'C",,https://i.redd.it/z6hi260xjk311.jpg,1528808877.0,212,0.97,16,CasualUK,Litleboony
8qioeb,Most Vauxhall parts come with a picture of this bloke smoking a pipe,,https://i.redd.it/cp6pca3ahk311.jpg,1528807898.0,56,0.93,15,CasualUK,ThegreatestPj
8qio9h,I'm never going to be as cool as this dog...,,https://i.redd.it/hfjdu497hk311.jpg,1528807871.0,122,0.95,10,CasualUK,KWADS_FTW
8qid4k,The best kind of vandalism,,https://i.redd.it/4xhsf38a8k311.jpg,1528804880.0,696,0.98,11,CasualUK,TheCrunchyGroovster
8qic28,Facebook Marketplace is a cesspool,"Attempting to sell a phone for a very reasonable price and every message is along the lines of:  
""still available?""  
""best price?""  
""last price?""  
""150"" (when I'm asking for ¬£190). 

When I respond telling them that the best, worst, first, middle, last price is ¬£190 - it doesn't seem to go down well.  
With those who want to haggle, I've started responding with higher numbers. 

One woman told me to shove it up my arse.  
This was supposed to be a quick, easy way to sell the damn phone. ",https://www.reddit.com/r/CasualUK/comments/8qic28/facebook_marketplace_is_a_cesspool/,1528804588.0,76,0.92,103,CasualUK,Agent4nderson
8qi8nf,"Spotted in Crawshawbooth, Lancashire",,https://i.redd.it/83yreoqa4k311.jpg,1528803576.0,79,0.92,17,CasualUK,PTRLWSN
8qhpgv,Someone's Grandad bought a ruddy great big picture of the Fourth Bridge ...,,https://twitter.com/no1border/status/1006256763014995973,1528797321.0,153,0.94,24,CasualUK,quinn_drummer
8qho6t,These ticket touts are getting out of hand,,https://i.imgur.com/b9mClZO.png,1528796856.0,6266,0.96,98,CasualUK,fireball_73
8qhm9i,Just saw the number plate O7,,https://i.redd.it/7t3dnmtfij311.jpg,1528796182.0,140,0.96,90,CasualUK,[deleted]
8qhcmi,All the norms and customs of our advanced society broke down at Warren Street station yesterday,,https://i.redd.it/wr6w872s7j311.jpg,1528792596.0,498,0.98,110,CasualUK,macko123456
8qhb0r,Best way of guaranteeing a seat on the tube.,,https://i.imgur.com/k0FJnql.jpg,1528791953.0,75,0.94,14,CasualUK,IorekByrnison70
8qh54e,I saw a hedgehog today,"I saw a hedgehog crossing the road when I was driving to work at about half 7 this morning, all of the cars in both directions stopped on the main road through the town to let him or her saunter across, and some school girls at the bus stop got very excited when it came to see them

Shouldn't they be tucked up asleep at this time of day, at this time of year though? I couldn't have rescued it because I had nowhere to park my car nearby never mind any gloves or a box to put it in, but I'm worried about the little fella",https://www.reddit.com/r/CasualUK/comments/8qh54e/i_saw_a_hedgehog_today/,1528789753.0,77,0.96,19,CasualUK,onetruebipolarbear
8qh1i2,If Forza Horizon 4 doesn‚Äôt include Multistoreys and/or Asda carparks for car meets I‚Äôm going to be severely disappointed,,https://www.reddit.com/r/CasualUK/comments/8qh1i2/if_forza_horizon_4_doesnt_include_multistoreys/,1528788430.0,902,0.99,179,CasualUK,Dxgy
8qdptl,Who says Cornwall doesn't have big news stories.,,https://i.redd.it/cwg7y02w7g311.jpg,1528756314.0,207,0.96,27,CasualUK,keironuk
8qdfue,Watched this beauty unfold tonight.,,https://i.redd.it/y3696gaa1g311.jpg,1528754092.0,98,1.0,12,CasualUK,Funk5oulBrother
8qcsv7,Wellingborough is Well Rough. I‚Äôm sorry if you live near here like me.,,https://i.redd.it/aqx0aji3nf311.jpg,1528749329.0,59,0.98,7,CasualUK,Willyamsss
8qcnv6,Entire town starts hanging its washing outside after angry email says its upsetting tourists,,https://www.devonlive.com/news/devon-news/small-devon-town-rebels-best-1665167,1528748330.0,113,1.0,19,CasualUK,CastleDe-Ath
8qcgwm,You alright there Waitrose?,,https://i.redd.it/ux7q03t1gf311.jpg,1528746954.0,239,0.98,13,CasualUK,Calvin-18
8qcbom,Donating your old clothes to Gambia,,https://i.redd.it/fa0s77p0df311.jpg,1528745932.0,9512,0.95,161,CasualUK,jordanlikesbeer
8qbis0,This belongs here...,,https://i.redd.it/q77hocilqd311.jpg,1528740287.0,92,0.96,8,CasualUK,ilovebumbumbum
8qau5t,Finally! my kind of charity fun run,,https://i.redd.it/sm934gkwde311.jpg,1528734273.0,972,0.99,38,CasualUK,bearbanks
8qajeq,"Someone‚Äôs birthday at work so the obligatory sweets provided. Always thought this is a strange custom. Surely, when it‚Äôs my birthday people should give me cake. Not expect me to buy cake and then willingly give it away.",[deleted],https://i.redd.it/i7qqy5i17e311.jpg,1528731814.0,60,0.97,42,CasualUK,[deleted]
8qa73g,"Poor Kallum, I hope he made it home safely.",,https://i.redd.it/wdpeb66gzd311.jpg,1528729263.0,71,0.96,18,CasualUK,PokeHerBalls
8q9zul,Red arrows fly past over Trafalgar Square on their way to the palace Trooping of the colour 2018 ..... lovely sight !!,,https://v.redd.it/tscvx8prud311,1528727720.0,152,0.97,22,CasualUK,Lifeinthebuslanee
8q9idz,This absolute hero's shirt at Download Festival on Saturday,,https://i.redd.it/3ydxyq4jid311.jpg,1528723586.0,323,0.97,78,CasualUK,[deleted]
8q9hnp,Industwial Twance Vol 1,,https://i.redd.it/1ppw9toxhd311.jpg,1528723402.0,179,0.96,25,CasualUK,Stittastutta
8q9bb2,Nothing beats a cold one on a sunny Monday in England right?,,https://i.redd.it/9wzyg2w6dd311.jpg,1528721775.0,671,0.96,87,CasualUK,[deleted]
8q9688,My local Argos still has this relic from the past,,https://i.imgur.com/PjbZ6bp.jpg,1528720442.0,145,0.87,26,CasualUK,kenbw2
8q8xal,These two students gave this pigeon a whole jam doughnut,,https://i.redd.it/utyysd6w1d311.jpg,1528717976.0,215,0.97,38,CasualUK,chilledgamedog
8q8vyi,Bet this fucker hasn't even paid for a ticket,,https://i.imgur.com/96tZ2yv.jpg,1528717573.0,355,0.97,26,CasualUK,CacheBandicoot
8q8qvu,"In Bath, where it's posh, so probably legit.",,https://i.redd.it/wcz0mrj0wc311.jpg,1528716052.0,56,0.94,9,CasualUK,CasualHigh
8q8jqn,Last night's tv delivered,,https://i.redd.it/aftzg2zapc311.jpg,1528713750.0,811,0.98,36,CasualUK,goatsofwrath_v2
8q8i3t,Thanks lip reading expert. Your powers of deduction have saved us once again.,,https://i.imgur.com/aU5Q92s.jpg,1528713242.0,659,0.97,42,CasualUK,jaffa56
8q8ahf,"My Friend from Pennsylvania has adopted a lot of British-Isms. Unfortunately, he discovered ""Absolute Unit"".",,https://i.imgur.com/2rkreXM.png,1528710689.0,3359,0.93,509,CasualUK,benanderson89
8q84cn,I work in IT but I‚Äôm spending my morning at work helping out the Royal British Legion by making poppies. Happy to help the veterans and I get some time away from my desk!,,https://i.redd.it/k3yergxl9c311.jpg,1528708464.0,383,0.89,23,CasualUK,busty-sinclair
8q80u5,I love my dad but not THAT much,,https://imgur.com/vr7sw6r,1528707143.0,483,0.98,27,CasualUK,thetoastmonster
8q7cyg,"Im starting my 8 weeks of paternity leave today, so what i really need to know is","Whats the best deal around at the moment on crates of beer? 

We're drowning in baby clothes and stuff, so I need to find the best deal to wash down while I watch the World Cu... I mean look after the little ones.

Edit: I'll add we're having twins, which will be our third and 4th children. My company doubles paternity leave for multiple births.",https://www.reddit.com/r/CasualUK/comments/8q7cyg/im_starting_my_8_weeks_of_paternity_leave_today/,1528698635.0,109,0.96,54,CasualUK,shiftynightworker
8q4m2z,Just went to an 8:30pm screening of Jurassic World and there were 2 babies and a 3 year old in the Cinema.,[deleted],https://www.reddit.com/r/CasualUK/comments/8q4m2z/just_went_to_an_830pm_screening_of_jurassic_world/,1528671042.0,68,0.96,44,CasualUK,[deleted]
8q4k9k,But does anyone else‚Äôs alarm screen also look like this?,,https://i.imgur.com/eW1RGIT.jpg,1528670585.0,152,0.94,52,CasualUK,basicchannels
8q3t9s,Forza Horizon 4 is set in the UK but all the steering wheels are on the left of the cars.,What is this shit?,https://www.reddit.com/r/CasualUK/comments/8q3t9s/forza_horizon_4_is_set_in_the_uk_but_all_the/,1528664208.0,249,0.98,57,CasualUK,Kemuel
8q3ope,is it wrong that i've always pronounced vimto as 'vimpto',idk it just feels right,https://www.reddit.com/r/CasualUK/comments/8q3ope/is_it_wrong_that_ive_always_pronounced_vimto_as/,1528663125.0,146,0.95,49,CasualUK,Minecraftfan_4
8q3c6c,"My Mrs doesn't speak French, so likes it when I call her my ""pomplemousse"" or ""choufleur de la mer""","I mean you can tell I barely speak French myself, but I've not the heart to translate my romantic utterings to her.

Any linguistic silliness in other CasUK lives?

(For those playing along at home, I liken my wife to a ""grapefruit"" or a ""cauliflower of the sea"", they roll off the tongue though)",https://www.reddit.com/r/CasualUK/comments/8q3c6c/my_mrs_doesnt_speak_french_so_likes_it_when_i/,1528660198.0,63,1.0,38,CasualUK,goldfishpaws
8q39te,Found a guy wearing this on his t.shirt last night. Made me chuckle.,,https://i.redd.it/7laczpve88311.jpg,1528659634.0,611,0.97,53,CasualUK,myelectiveishard
8q320t,Soccer Aid is on tonight. Let's remind ourselves of when Jose Mourinho ran onto the pitch just to tackle Olly Murs during Soccer Aid 2014.,,https://youtu.be/YGgs-V_P-F4,1528657757.0,77,1.0,8,CasualUK,Hassaan18
8q31v8,"It has been 226 hours, 35 minutes and 44.15 seconds since I last boiled an egg.",,https://i.imgur.com/xJ86d2b.jpg,1528657721.0,8235,0.95,151,CasualUK,loudribs
8q31ft,Gotta love a bit of UK world domination,,https://i.redd.it/cqoxiab4q6311.jpg,1528657624.0,118,0.98,5,CasualUK,FellD0wn
8q2udr,People queuing for a flight when we can clearly see there‚Äôs no plane at the gate yet,,https://i.redd.it/eel0r84lx7311.jpg,1528655996.0,94,0.94,39,CasualUK,UKSugarman
8q2jan,"Thinking of being a bit bonkers, fancy your input.","I have been working at my current place for ten years, and I've been offered voluntary redundancy. I'm a bit in two minds as to whether to take it or not. If I get it, it would mean I could ""afford"" roughly seven months off work without having to stress about income. Sorry.

But that's not the question... If I do take it, I fancy taking two months to cycle the coast of Britain (apologies to NI, don't think my budget would stretch to doing you as well but it is an option if I can). I think it would be great to document the different seaside towns and villages as I go, and this is a nice forum to do it in.

If I do this, would other Casual UKers be interested in meeting up for a pint as I pootle round? I'm thinking I would do this for a cause as well, either Downs Syndrome Association, or Cancer Research UK, as both of those mean a lot to me but am happy for suggestions.

Redundancy aside, what do we reckon? Should I have an early mid-life crisis and go on an adventure?",https://www.reddit.com/r/CasualUK/comments/8q2jan/thinking_of_being_a_bit_bonkers_fancy_your_input/,1528653439.0,120,0.97,69,CasualUK,ASK_IF_IM_PENGUIN
8q1uu2,Date night on the estate,[deleted],https://i.redd.it/5ilwos8k87311.jpg,1528647576.0,472,0.98,72,CasualUK,[deleted]
8q1iy5,Probably some of the best graffiti I've seen in my village,,https://i.redd.it/wxh67islz6311.jpg,1528644626.0,67,0.99,5,CasualUK,zac2806
8q177a,Just another day at Brands Hatch,,https://i.redd.it/hoz1typpq6311.jpg,1528641573.0,138,0.97,4,CasualUK,mansleg
8q0vvq,"Two seagulls fighting in Bournemouth, with a magpie referee.",,https://v.redd.it/xzbflr56h6311,1528638453.0,207,0.98,23,CasualUK,PenguinFlapjack
8q0smr,PSA: Father's Day is next Sunday!,,https://www.reddit.com/r/CasualUK/comments/8q0smr/psa_fathers_day_is_next_sunday/,1528637417.0,71,0.94,26,CasualUK,mykeuk
8q0siq,The glorious British breakfast.,,https://i.redd.it/mhf8hma5e6311.jpg,1528637381.0,844,0.97,246,CasualUK,chrisisit123321
8q0cy7,Grimsby - Never forget,,https://imgur.com/QiYMEQW,1528632162.0,431,0.99,39,CasualUK,lukas_maximus
8q0a3n,Found this perfectly British publication at a village fayre yesterday,,https://i.redd.it/1ydxfo0gv5311.jpg,1528631071.0,90,0.99,20,CasualUK,DBRWes
8q063c,Interview from the Telegraph about that earthquake that happened,,https://i.redd.it/5vd0dtalq5311.jpg,1528629425.0,196,0.98,9,CasualUK,AlwaysBlubottle
8pzqbv,Someone had a wild Saturday night.,,https://i.redd.it/bs182vg165311.jpg,1528622514.0,68,0.93,11,CasualUK,Bracken1995
8pzl0n,Really roasted her there.,[deleted],https://imgur.com/fP1nQG6,1528620064.0,451,0.97,22,CasualUK,[deleted]
8pzkvf,Visiting my Auntie and Uncle and came across this classic duo.,,https://i.redd.it/sy8dbdmiy4311.jpg,1528619989.0,218,0.95,50,CasualUK,ENGERLUND
8pziwk,He brought crisps into a cinema?,,https://i.redd.it/fz5ssqauv4311.jpg,1528619092.0,57,0.86,12,CasualUK,endim8
8pzfno,Fish and chips,,https://i.redd.it/z1gcnkzkj0311.jpg,1528617646.0,336,0.96,16,CasualUK,Stef4Q
8pzfa2,Top 10 facts about: Beans!,"So I thought as a thing on Sundays I would start a ""top ten facts"" about British institutions or things that are quintessential to these fair isles. 

Figured I'd start with beans since ~~I've been paid to~~ we all love beans, right? 

Without further ado; 

1. There are approximately 465 beans in a standard 415gm can of Heinz beans.

2. The earliest reference to baked beans was in 1832 in a book called American Frugal Housewife.

3. The world record for eating six pounds of baked beans is 1min 48sec by Don Lerman of New York.

4. The Baked Beans Long Course record for eating 8.4lb is 2min 47sec by Sonya Thomas.

5. In April in the House of Lords, Viscount Simon asked Baroness Verma whether smelly emissions from baked beans contribute to global warming.

6. The energy minister said he raised an important point and we do need to moderate our behaviour.

7. The 1967 album The Who Sell Out by The Who featured on its cover a picture of Roger Daltrey sitting in a tub full of Heinz Baked Beanz.

8. In the same year, Heinz launched the slogan Beanz Meanz Heinz, which was recently voted the top advertising slogan of all time.

9. The phrase was created by Maurice Drake, who said it was ‚Äúwritten over two pints of beer in The Victoria pub in Mornington Crescent‚Äù.

10. One can of Heinz baked beans is sold in the UK every 17 seconds.

So there we go. Which is most interesting to you? Do you have any more interesting bean facts? 

Suggestions for next week's thread are very welcome.",https://www.reddit.com/r/CasualUK/comments/8pzfa2/top_10_facts_about_beans/,1528617481.0,81,0.9,60,CasualUK,jptoc
8pze7b,Thought I'd share this mini spotted at R.A.F Cosford this morning.,,https://i.redd.it/ncdb5ovnp4311.jpg,1528617008.0,265,0.97,27,CasualUK,NE6427
8pz6co,My first tattoo of a childhood favourite.,,https://i.redd.it/rdu0uk1gf4311.jpg,1528613570.0,5460,0.9,198,CasualUK,OiKippers
8pyne8,Looks like my dog had a heavy night ü§¶üèª‚Äç‚ôÇÔ∏è,,https://i.redd.it/iq2jyz5nt3311.jpg,1528606283.0,76,0.93,13,CasualUK,millsytime
8py7xo,Their sign is on his washing line,[deleted],https://i.redd.it/5yn2arl1f3311.jpg,1528601328.0,70,0.93,6,CasualUK,[deleted]
8pwdzq,Pingu finally loses it with the paparazzi.,,https://i.redd.it/7mprlhqrvz211.jpg,1528582858.0,52,0.93,3,CasualUK,Harry_monk
8pvroi,Iv realised how ‚Äòsecure‚Äô our front doors really are after self teaching myself to lock pick in a weeks time.,,https://i.imgur.com/1dvwAHM.jpg,1528577189.0,124,0.96,54,CasualUK,9DAN2
8pv0xb,"Where there was once joy, there is now only sadness.",,https://i.redd.it/61fa0cdcw0311.jpg,1528570938.0,581,0.97,47,CasualUK,MJoubes
8puut3,Forbidden Neapolitan Ice Cream,,https://i.redd.it/3k9wh7k9ny211.jpg,1528569494.0,108,0.94,4,CasualUK,emailrob
8pumtd,A pub near me just posted these sorry looking chips for a ¬£10 fish &amp; chips with a beer offer.,[deleted],https://i.redd.it/4rsyqbbqm0311.jpg,1528567645.0,98,0.96,59,CasualUK,[deleted]
8ptdin,"Radio aerial broke at work, but life finds a way",,https://i.redd.it/8dof7x6mqz211.jpg,1528556798.0,77,0.98,7,CasualUK,CheapSweet
8pt3ku,Page One of Mik Mayall's autobiography,,https://i.redd.it/ex5whq2qiz211.jpg,1528554186.0,54,0.88,19,CasualUK,karljt
8pt171,"Seeing as the World Cup is going to start soon, thought I‚Äôd share this",,https://youtu.be/MusyO7J2inM,1528553531.0,321,0.95,32,CasualUK,[deleted]
8psv0i,How this cinema described Jurassic World,,https://i.redd.it/a5zv9etqbz211.jpg,1528551799.0,404,0.97,56,CasualUK,eurfryn
8psquz,A decision was made by some one in Aldi today!,,http://imgur.com/NPm9zF8,1528550496.0,59,0.84,8,CasualUK,Boople_noodle453
8psp1h,"Currys, well done guys. Genuinely impressed.","I know we're supposed to be mean about the few national institutions who are still managing to hold on to a high street presence, but Currys did well enough to make me post spontaneously.

Bought a laptop last week for a fair price to be able to walk in and away with it in the spot.  Got some genuinely useful advice.  Found a sound issue, took it back, they had a go at updating drivers in store just to make sure it wasn't anything silly.  To everyone's surprise the problem went away.  Naturally it did come back (hardware issue) so I returned it to swap for a replacement unit on the spot, and saw it was ¬£100 cheaper today - they price matched as it was within 10 days and swapped the unit on the spot as it was within 30 days.  Simply cannot fault that service.  Online it would have meant being without a device whilst it was replaced or repaired, and the driver ""fix"" would have meant another cycle of posting and waiting and staying in for couriers.

I know it's unfashionable to say so, but fuck me that was top notch, and reminded me why I like high street shops still.",https://www.reddit.com/r/CasualUK/comments/8psp1h/currys_well_done_guys_genuinely_impressed/,1528549904.0,406,0.96,78,CasualUK,goldfishpaws
8pskin,Love waking up to cute messages from the group chat,,https://i.redd.it/0yp8ygcr1z211.jpg,1528548433.0,305,0.97,27,CasualUK,die4codgrimsby
8psh18,Two Spitfires escorting a Lancaster Bomber,,https://v.redd.it/gg2kaak4yy211,1528547300.0,1184,0.98,127,CasualUK,Snashensgazle
8psfvc,"An amazing tribute to John Bonham. Redditch, Worcestershire.",,https://i.redd.it/mv2ae3k4xy211.jpg,1528546877.0,84,0.96,7,CasualUK,Glossolalialife
8psdr4,When your mate is a shite singer,[deleted],https://i.redd.it/7mt05100vy211.jpg,1528546159.0,69,0.86,4,CasualUK,[deleted]
8pscj2,"My missus became British yesterday, and someone gave her a book on how to be a UK citizen. This was on page 1.",,https://i.imgur.com/gfzEQuK.jpg,1528545730.0,331,0.94,46,CasualUK,PM_ME_HKT_PUFFIES
8psc7a,Wild upvote spotted near Ironbridge,,https://i.redd.it/itw5109ety211.jpg,1528545630.0,299,0.93,7,CasualUK,Ekauno
8psc23,That sinking feeling when..,,https://imgur.com/5MBpz0P,1528545590.0,63,0.9,9,CasualUK,danmingothemandingo
8ps4mo,I suppose I'll just keep it as an ornament then,,https://imgur.com/gallery/4oWiXOV,1528542744.0,159,0.96,15,CasualUK,Glurt
8ps32i,Thought some of you lot might find this interesting. The historic counties of the Midlands [OC],,https://i.redd.it/8rv8xqitiy211.png,1528542180.0,174,0.94,69,CasualUK,jesus_stalin
8pryad,"A couple of casual bottles of Lambrini in a loo. At the cardiac unit in Manchester Royal Infirmary. Stay classy, Manchester!",,https://i.redd.it/gm0p6ajgdy211.jpg,1528540265.0,797,0.98,38,CasualUK,digimac_uk
8pru59,Which almond milk would taste best in a brew? The standard stuff or the fruity almond milk for a fruity flavoured brew?,,https://i.imgur.com/wcqArEM.jpg,1528538574.0,500,0.95,78,CasualUK,9DAN2
8prq9y,Sundials work best in countries with no sun.,,https://i.redd.it/mqelfydg3y211.jpg,1528536920.0,987,0.97,29,CasualUK,[deleted]
8prdsc,Meanwhile in Torquay,,https://i.redd.it/10lcop41ox211.jpg,1528531709.0,3140,0.96,118,CasualUK,Sylocule
8prbdh,Std Friday commute home!,,https://i.redd.it/k12lpch0lx211.jpg,1528530694.0,54,0.88,15,CasualUK,ArgonautUK
8prbba,This parking at the local petrol station.,,https://i.redd.it/qdm0fozxkx211.jpg,1528530670.0,496,0.98,52,CasualUK,Potbat
8po3xl,"My jaffa cake had no orange in the middle. My disappointment is immeasurable, and my day has been ruined.",,https://imgur.com/gYilqsG,1528496111.0,2915,0.98,151,CasualUK,[deleted]
8pnsy9,"Farewell, peasants! I‚Äôm gonna be rolling in the moolah soon. Try not to get too jealous.",[deleted],https://i.redd.it/aasbr7ryiu211.jpg,1528493686.0,189,0.96,31,CasualUK,[deleted]
8pnb3k,A lovely evening watching the sunset over the motorway,,https://i.redd.it/zsayp9wl7u211.jpg,1528489867.0,100,0.96,23,CasualUK,antmonty
8pnap4,My mum found a British pinata in the woods,,https://i.redd.it/9k7pidvc7u211.jpg,1528489781.0,65,0.94,26,CasualUK,WoodenFootball
8pn8jw,Police on a steak out! Was Udder Chaos...,[deleted],https://i.redd.it/dolhhvu06u211.jpg,1528489339.0,90,0.97,15,CasualUK,[deleted]
8pmced,I get the feeling JustEat is judging me for the amount I just ordered for myself,,https://i.redd.it/h37nm9khmt211.jpg,1528482767.0,98,0.97,19,CasualUK,IllGiveYouTheKey
8plpa0,Do people these days have any form of critical thinking?,"I've seen a few people on my Facebook feed like and share an alleged Thomas Cook post giving away a holiday.


A little digging around reveals that the page has only existed for a month or so, and only has a handful of posts. All the images etc have been ripped from the official page.


There is no blue verification tick on the page.


The page they direct you to looks official but anyone paying attention to the address will notice it's not Thomas Cook, and is an ad site.


Why do people fall for this shit and give away personal details so easily?


Oh and I have had replies such as ""well you never know"", ""how would you know it's fake"", ""there's no harm in giving it a go""


Jesus fucking wept.",https://www.reddit.com/r/CasualUK/comments/8plpa0/do_people_these_days_have_any_form_of_critical/,1528478080.0,90,0.92,45,CasualUK,[deleted]
8pl9hg,Just accepted a job offer to return to the UK!,"Custard Creams! 240V power! Boxes of tea bags that last more than few weeks! Flavours of crisps that are not cheese or barbecue! Calling them crisps! Being able to walk outside without burning! SAUSAGE FUCKING ROLLS!!

COMING HOME BOYS!!",https://www.reddit.com/r/CasualUK/comments/8pl9hg/just_accepted_a_job_offer_to_return_to_the_uk/,1528474929.0,496,0.98,96,CasualUK,mattzm
8pl5ha,To the family from Norwich that I've had the privilege of meeting at Disney Paris.,"You guys were the most sensational individuals we've ever met. We shared a lot in common despite living an entire ocean across, but being two hard working families, there was a lot to bond over. Whenever I think of people from the UK I will always think of you guys. One thing I'd like anyone reading this to understand is that there wasn't anything particularly special about this family, other than they listened and they cared about what you had to say, and they were just a happy group to be around. For the most part, we never really met anyone in France who were as kind and enjoyable as they were, but that's not to say everyone we encountered were miserable twat's, in fact everyone we met were very lovely, but the Norwich family took the cake. Wish we had exchanged contact info to keep in touch. If by the off chance the dad or mother is on reddit and comes across this, or if you feel the following message describes your family, I mean this from the bottom of my heart (hope this doesn't break any of the sub's rules) - 

For the dad - I hope all is well in the real estate business, and that life in Norwich is treating your family all the best. You were such a down to earth man, my father told me you reminded him of his late brother. Very ambitious, a joy to have around, and very generous. 

For the mom - I truly admire you for choosing to become a teacher. In any country, I hold that profession in high regard. The children you teach are in loving hands, and I hope the work load doesn't break you, believe me when I say you deserve more than what they give.   

For the young kids - I know having a little brother is annoying, but that's no reason to steal his cookie! (Next time make sure you don't get caught, DUH!) 

Lastly, I just want to say to all of you who took the time to read this, you guys have a lot of great amazing people in your country, I have nothing but love for each and every one of you!

TL;DR - Met a beautiful loving family from Norwich, we bonded over the hardships and bright things in life. Love all you guys from the UK. 

Edit: The Family is originally from Manchester, They moved to Norwich in recent years, so they're more of a family from Manchester if anything. ",https://www.reddit.com/r/CasualUK/comments/8pl5ha/to_the_family_from_norwich_that_ive_had_the/,1528474149.0,70,0.95,39,CasualUK,Gognoggler21
8pjnlf,Single file queueing at the pub. I'm deeply conflicted,,https://i.imgur.com/3Kzmn5i.jpg,1528462567.0,148,0.98,61,CasualUK,JoshHytr
8pjlqe,"I have no idea where to ask, but my sink is blocked with piss and sick and I have no idea how to clean it","So basically, mad night out last night, my friend was sick in my sink and didn't make it out to the club, come back and he's pissed in the sink. I don't mind pissing in the sink, but because of the sick the sink is just full of piss and smells disgusting. I genuinely have no idea how to fix this so any advice/point me in the direction of other subs would be great ",https://www.reddit.com/r/CasualUK/comments/8pjlqe/i_have_no_idea_where_to_ask_but_my_sink_is/,1528462075.0,49,0.89,76,CasualUK,MySinkIsBlocked
8pjh7u,British Advertising at its Finest,,https://i.redd.it/m7ez1i8etr211.jpg,1528460872.0,582,0.98,25,CasualUK,cocaineandcigarettes
8pjdtj,How on earth does this car even make those tire marks?,,https://i.redd.it/ln8gp22lqr211.jpg,1528459960.0,321,0.97,53,CasualUK,[deleted]
8pjd09,"Day at the beach, walked through the amusement arcade and found this",,https://imgur.com/2tnebTP,1528459731.0,68,0.94,9,CasualUK,j4w
8pj1mp,Throwback to possibly the coolest Driving school,,https://i.redd.it/a58mrsbngr211.jpg,1528456585.0,546,0.98,28,CasualUK,Old-Blighty
8pina5,Sound bit of bathroom advice....,,https://i.redd.it/tvzpmc8m2r211.jpg,1528451866.0,153,0.96,1,CasualUK,experiencethejoe
8pima9,Chuckle Brothers' first TV series for 10 years to air next weekend,,https://www.thestar.co.uk/news/chuckle-brothers-first-tv-series-for-10-years-to-air-next-weekend-1-9197782,1528451510.0,105,0.97,31,CasualUK,andrewdotlee
8pijwe,One for the bird watchers (and also for anyone that saw my last tit stitch post),,https://i.redd.it/ch0ytpsyyq211.jpg,1528450642.0,238,0.98,16,CasualUK,rosie-roo
8pic5e,First class accommodation,,https://i.imgur.com/vrMQQOH.jpg,1528447757.0,11599,0.96,195,CasualUK,liketo
8pi77f,"Weekly Pub Quiz: Last regular one for a couple of months, featuring a five parter on the Simpsons and a wide selection of other things. Answers in comments.",,https://imgur.com/a/m3PmkrT,1528445834.0,63,0.97,81,CasualUK,Kerigorrical
8phocs,Weekly gin?!!,,https://i.redd.it/3fmugbj11q211.jpg,1528439262.0,944,0.98,111,CasualUK,[deleted]
8phcvc,"I can‚Äôt afford one of those fancy things hanging from the ceiling to hang saucepans etc. on, but we‚Äôre stoic and British, and I‚Äôll bloody well improvise with my old pants-airer.",[deleted],https://i.redd.it/vd586un9qp211.jpg,1528435615.0,334,0.97,23,CasualUK,[deleted]
8pf5m2,An apology,"I would like to extend my heartfelt apologies to the very important and clever people who, rather than accept their fate in the stationary traffic on the M5 this afternoon, figured out the genius move of simply bombing down the hard shoulder. The fact that my knackered old car chose that exact moment to overheat, forcing me to pull into your path and park there for a bit was most unfortunate for all of you and I can honestly say that watching you all struggle to force your way back into a curiously unwelcoming lane 1 brought me no joy at all.

In particular my heart goes out to the charming young lady who, once she did find her way back into the traffic, took the time as she passed to wind down a window and sing me the volubly fascinating song of her people. That she found time to do so with a hysterically bawling 10 year\-old next to her was heart warming enough but I really didn't expect her to make the effort to pull up and walk back to give me a free, if ironic, lecture on manners. Her delightful colloquialisms and generous professed misson to ""alleviate the congestion"" by dangerously flouting traffic law for her own personal gain brought sunshine and hope to a difficult time for me.

The irony was of course that it only took slightly longer for the engine to cool down than it did for everyone behind me to find their way back into the queue. If only you'd all been a little more patient! Funny how it goes.

One weird thing, a sixty ish woman whose husband had simply stuck it out in lane 1 gave me the cheekiest double thumbs up I've seen in a while as they crawled by. No idea why. Maybe seeing an overheated car brought back memories of better, more community minded days.

Anyway, sorry chaps. Next time I'll make sure to buy something newer and BMWer like all you lovely lot so I don't have the same unfortunate and annoyingly timed problem.

Edit: flouting / flaunting.  Naughty step for me.",https://www.reddit.com/r/CasualUK/comments/8pf5m2/an_apology/,1528414984.0,1555,0.98,169,CasualUK,WilliamTurdsworth
8pe20s,"Ant McPartlin is skint as he not on telly anymore, forced to do shit adverts",,https://i.redd.it/sujuz0et4l211.png,1528405880.0,89,0.95,9,CasualUK,FatFluent
8pdl79,Home Bargains anti-sale,,https://i.redd.it/y8eiqndnzm211.jpg,1528402440.0,169,0.99,31,CasualUK,RadBugs
8pcta0,I don‚Äôt think I‚Äôve ever seen anything more British on the side of a bus.,,https://i.redd.it/ekitqrkqim211.jpg,1528396755.0,91,0.93,18,CasualUK,Bella_Anima
8pcs1a,That scorpion...some photos,,https://imgur.com/9Cefx2l,1528396500.0,72,0.93,18,CasualUK,tigralfrosie
8pcc29,This McDonald‚Äôs drive-thru has become a walk-thru,,https://i.redd.it/89nfyxug8m211.jpg,1528393338.0,84,0.95,16,CasualUK,eurfryn
8pc0mi,Come on... we‚Äôre better than this.,,https://i.redd.it/hq6t8skt1m211.jpg,1528391070.0,374,0.97,102,CasualUK,[deleted]
8pbx7e,Who remembers these bad boys?,,https://i.redd.it/fkqkhxotzl211.jpg,1528390395.0,126,0.94,34,CasualUK,seanm73
8pbsgb,Well up for some (pie)^3,,https://i.redd.it/o1w7isp0xl211.jpg,1528389462.0,56,0.91,31,CasualUK,drraspberry
8pbrdd,Colleague brought in cakes for her birthday and nobody will finish any of the packs,,https://imgur.com/QN4fJB3,1528389246.0,98,0.95,13,CasualUK,Pasta_is_quite_nice
8pbp19,"To the builder who let the barmaid at spoons know that i was next to be served and telling them what i wanted whilst i was on the phone, thank you. You're the kind of hero we need.","You saved me from awkwardly telling my boss ""hold on mate, im in spoons ordering a pint"". 

I hope you enjoy your 1664 and they finally sort out the skip at the building site. God bless you. ",https://www.reddit.com/r/CasualUK/comments/8pbp19/to_the_builder_who_let_the_barmaid_at_spoons_know/,1528388787.0,149,0.93,25,CasualUK,awastelandcourier
8pblp2,Does anyone else just fucking love Guinness?,[deleted],https://www.reddit.com/r/CasualUK/comments/8pblp2/does_anyone_else_just_fucking_love_guinness/,1528388133.0,124,0.88,110,CasualUK,[deleted]
8pbexm,Unbelievable Jeff!,[deleted],https://imgur.com/3MH0nIy,1528386807.0,147,0.96,9,CasualUK,[deleted]
8pa774,Chris Ramsey perfectly deals with a heckler at his live show,,https://www.youtube.com/watch?v=3dZ00O_x7Eg,1528377246.0,76,0.87,5,CasualUK,Hassaan18
8p9x4x,"Was supposed to getting passport photos today for our daughter. Instead, I agreed for us to ‚Äòpop into some clothes shops for a look‚Äô, before we get them done.",[deleted],https://www.reddit.com/r/CasualUK/comments/8p9x4x/was_supposed_to_getting_passport_photos_today_for/,1528374774.0,52,0.86,38,CasualUK,[deleted]
8p9qg0,Come dine with me never fails to impress.,,https://v.redd.it/5sbla91zjk211,1528373043.0,1796,0.98,119,CasualUK,tedjordan123_
8p9j5j,"Got this as a housewarming gift - I had no intention of microwaving it, but maybe I should?",,https://i.redd.it/7hcwh3shdk211.jpg,1528370906.0,73,0.95,17,CasualUK,beaver_kit
8p9d3p,Massive Nik Nak with ham salad cob.....with SALAD cream üòç‚ô•Ô∏è,,https://i.redd.it/cb72vkzb8k211.jpg,1528369086.0,78,0.84,46,CasualUK,jennybird1
8p9b7v,Who needs a gym when you have the great outdoors,,https://i.redd.it/0b7j32b6uj211.jpg,1528368451.0,208,0.96,4,CasualUK,Shnoochieboochies
8p97et,I open up the bowls club for local pensioners - found this adorable notice today.,,http://imgur.com/XhBxY44,1528367195.0,706,0.97,36,CasualUK,Gertrudethecurious
8p8vpd,Tesco home delivery takes its job seriously.,,https://imgur.com/XzOqGPw,1528363203.0,252,0.97,23,CasualUK,amirtaghan
8p8rho,Maybe he keeps Hob Nobs in his car instead.,[deleted],https://i.redd.it/49og1g0gmj211.jpg,1528361680.0,72,0.92,2,CasualUK,[deleted]
8p8pv6,He‚Äôs never gonna give this up.,,https://i.redd.it/xqlok70okj211.jpg,1528361080.0,63,0.86,10,CasualUK,[deleted]
8p8pto,Limmy's tribute to Peter Stringfellow is picked up by Sky News.,[deleted],https://twitter.com/le_murt/status/1004636263608213506,1528361064.0,93,0.9,8,CasualUK,[deleted]
8p5bzl,This Pub's Urinals are Kegs,[deleted],https://i.imgur.com/2py4gLa.jpg,1528326765.0,63,0.95,14,CasualUK,[deleted]
8p4ek7,"Who Remembers Biff, Chip and Kipper?",[deleted],https://www.reddit.com/r/CasualUK/comments/8p4ek7/who_remembers_biff_chip_and_kipper/,1528319309.0,265,0.98,92,CasualUK,[deleted]
8p3rxl,He promised his friend ¬£30 to smash 6 eggs on his head...,[deleted],https://i.imgur.com/cX5Mm9Q.gifv,1528314714.0,645,0.97,70,CasualUK,[deleted]
8p2tjn,My childhood and the mystery of me not having diabetes.,,https://i.imgur.com/QAmrFMZ.jpg,1528307895.0,178,0.97,67,CasualUK,Monsis101
8p2slb,Saw this on the way to work,,https://i.redd.it/ni7i8u1w5f211.jpg,1528307698.0,113,0.98,10,CasualUK,iiMSouperman
8p2mq4,Cheeky Bastard,"A bus driver just said that I look like the lion from the Wizard of Oz, then started singing ""Follow The Yellow Brick Road"". Fuck off and drive your bus, mate. ",https://www.reddit.com/r/CasualUK/comments/8p2mq4/cheeky_bastard/,1528306552.0,89,0.95,25,CasualUK,Empty_Estus
8p2kqh,He's doing well for a dead guy,,https://i.redd.it/o46ia1da1f211.jpg,1528306164.0,82,0.94,8,CasualUK,bethz95
8p27vi,Found in the Local Cambridge News,,https://imgur.com/vTW89Q8,1528303742.0,87,0.96,7,CasualUK,gigalowen
8p24uz,I think the BBC posted the wrong tweet.,,https://i.imgur.com/81z8cuf.jpg,1528303156.0,204,0.98,5,CasualUK,Faroque
8p249m,A woman forgets ITV+1 is a thing...,,https://i.redd.it/vgnxr6e3se211.png,1528303045.0,1086,0.98,45,CasualUK,StitchConverse
8p1sl4,It's that time of year where all your windows are open &amp; you overhear everything people shout in the street...!,"I just arrived back at my flat after a week away, so went rushing round to open the windows to get some air flowing though it. First thing I hear when I open the living room window??

""Oi! Guess wot I ain't dun in ages?? Whacked me fanny on that!!!""

She never elaborated on what 'that' actually was...! Anyone else heard anything ridiculous when people don't realise you're listening through your windows? ",https://www.reddit.com/r/CasualUK/comments/8p1sl4/its_that_time_of_year_where_all_your_windows_are/,1528300829.0,149,0.99,56,CasualUK,AwkwardPea
8p1i4s,Newcastle is set to get its first drive-thru Greggs,,https://www.chroniclelive.co.uk/news/north-east-news/not-drill-newcastle-first-drive-14750059.amp?__twitter_impression=true,1528298678.0,82,0.96,18,CasualUK,TheJeck
8p0xvz,Meanwhile in Birmingham..,,https://i.imgur.com/hxuOMhr_d.jpg?maxwidth=640&amp;shape=thumb&amp;fidelity=medium,1528294475.0,82,0.87,25,CasualUK,Paul277
8p0ffy,Genius sky news headline,,https://imgur.com/YJU6ZqL,1528290225.0,326,0.97,61,CasualUK,OnceHadHair
8p0cz9,I seem to be the only person in the office who doesn't watch Love Island...,[deleted],https://www.reddit.com/r/CasualUK/comments/8p0cz9/i_seem_to_be_the_only_person_in_the_office_who/,1528289602.0,109,0.97,56,CasualUK,[deleted]
8p06st,I've been spotted on the motorway,,https://i.redd.it/wb80ui7djd211.jpg,1528288002.0,186,0.96,7,CasualUK,sf318
8ozwue,Now we‚Äôre talking.,,https://i.redd.it/1rt4af0bbd211.jpg,1528285291.0,1494,0.98,117,CasualUK,tedjordan123_
8ozvem,Memories to last a lifetime.,,https://i.imgur.com/Yf03FCC.jpg,1528284878.0,491,0.97,12,CasualUK,Hassaan18
8ozlkn,"I knew the joggers around here outpace me by a fair clip, but this is getting ridiculous",,https://i.redd.it/k5c5svj40d211.jpg,1528281824.0,76,0.95,3,CasualUK,adamissarcastic
8ozgv5,I made a robot to dunk biscuits for the perfect amount of time,,https://youtu.be/OL8yv6FEfq0,1528280243.0,103,0.94,43,CasualUK,devicer2
8ozajg,Lovely headline from Sky Sports. Straight to the point.,,https://imgur.com/4pv6ybu,1528278098.0,53,0.95,14,CasualUK,eggesticles
8oyy0e,"I'm 29 today - what should I put on my ""to do before I'm 30"" list?",,https://www.reddit.com/r/CasualUK/comments/8oyy0e/im_29_today_what_should_i_put_on_my_to_do_before/,1528273412.0,69,0.95,145,CasualUK,[deleted]
8oywyi,Look where I am,,https://i.redd.it/jcgl1chrac211.jpg,1528273004.0,281,0.97,26,CasualUK,BlackYacks
8oyvtm,What is this called in your household?,,https://i.redd.it/uvx6zeyg9c211.jpg,1528272567.0,92,0.89,256,CasualUK,thatsanicebitofgrass
8oyvpo,Handed a pretty cool ¬£2 coin today!,,https://i.redd.it/tomwv0gc9c211.jpg,1528272527.0,416,0.97,40,CasualUK,ImActuallyCheating
8oyjgj,"Finally, a diagram for Northern Rail to stop cancellations!",,https://i.redd.it/cgq1i6otwb211.jpg,1528268315.0,4683,0.96,230,CasualUK,DeadStopped
8owfxq,What to do with a spare fiver,,https://i.redd.it/053tts3f7a211.png,1528247689.0,107,0.93,32,CasualUK,[deleted]
8ov59k,Jeans in the UK. Why are they all designed for people with Ostrich legs?,"Why has the UK jeans industry decided to 'slim fit' all of their jeans to the point that anybody with calves thicker than a banana is unable to put them on without a generous helping of lube?

I had to try on 4 pairs today before I could get them fully past my calves and even they are a bit on the tight side.  I never used to have this problem.

Does anybody else suffer from this melodramatic condition or do you all have Ostrich legs?",https://www.reddit.com/r/CasualUK/comments/8ov59k/jeans_in_the_uk_why_are_they_all_designed_for/,1528237139.0,81,0.92,71,CasualUK,germanbeer
8oup9d,Harsh but Fair.,,https://imgur.com/MJ16fUD,1528233773.0,529,0.98,13,CasualUK,HPB
8ou6b3,Uk coping strategy,,https://i.redd.it/1oyynt9yq8211.jpg,1528230020.0,74,0.94,5,CasualUK,Urbanjebus
8ou5ey,"Aswad from Ethiopia may have to walk 17 miles to his nearest clean water, but here in the UK the situation is dire",,https://i.imgur.com/SgRUP3I.jpg,1528229841.0,60,0.82,21,CasualUK,kenbw2
8otleg,This better be bloody worth it.,,https://i.redd.it/560hqcnpe8211.jpg,1528225910.0,110,0.97,26,CasualUK,DeadYen
8otb0s,"Got a date tonight, the first since my break up. ARGH!","I'm taking her to a wine bar that does cheeseboards, because she loves cheese (like me!). Wish me luck...

Any major dating dos and don'ts to share, CasUK?",https://www.reddit.com/r/CasualUK/comments/8otb0s/got_a_date_tonight_the_first_since_my_break_up/,1528223824.0,64,0.9,74,CasualUK,xSpiralStatic
8ot396,BBC keeping its end up,,https://i.redd.it/8z4u6njf38211.png,1528222264.0,249,0.97,9,CasualUK,[deleted]
8ot0o2,That awkward moment at the Indian takeaway...,"...when the food standards inspector turns up.  Poor guy at the counter had a definite ""deer in the headlights"" look as he explained that the boss was on holiday, so there wasn't really anyone ""in charge.""

I'll be nervously F5ing the Scores on the Doors site for the next few weeks, hoping they kept their 5* rating!",https://www.reddit.com/r/CasualUK/comments/8ot0o2/that_awkward_moment_at_the_indian_takeaway/,1528221781.0,59,0.99,15,CasualUK,benjymous
8os8at,She can be annoying at times but that seems a tad harsh.,,https://i.imgur.com/Sm4F5vB.jpg,1528216242.0,1103,0.98,51,CasualUK,Know_The_Ledge
8orz8c,Just noticed this ultimate place name,[deleted],https://i.redd.it/eoho0uvmg7211.jpg,1528214443.0,66,0.9,28,CasualUK,[deleted]
8orxbu,Hand dryers - a national scandal,"I was again confronted today with a problem which rumbles beneath the surface of the UK and is endemic from caf√©s, pubs, universities to train stations. 

Shit hand-dryers. 

We‚Äôve all felt our hearts sink when we‚Äôve washed our hands only to realise that the teachings of Lord Dyson of Airblade haven‚Äôt reached the toilet which we find ourselves having the misfortune of having washed our hands in. Instead we‚Äôre greeted by those off-white units which seem to leer at you from across the room like that 60 year old called Stacey in the pub, tattoos covering her arms, knowing that one day, when you‚Äôre feeling dejected and miserable from a bad break-up, you‚Äôll find yourself lying in her cheetah patterned bed, reeking of stale Marlboros and shame. 

When you do find the ones that actually work, they blow as pathetically as you when you‚Äôve been tricked on your birthday into blowing out re-lighting candles. When you eventually give up, resigning yourself to damp hands when the toilet roll has also ran out, you have to touch the door handle with your moist palms. But, you‚Äôre not the first person to have this problem. You touch the handle only to find it already wet - is it piss or water? you find yourself wondering. On your way out you instead dry your hands on your trousers, leaving questionable damp patches for all to see. Then the next person comes in and the cycle repeats itself.

Is it so much to ask to have a hand-dryer that actually dries your hands? 

",https://www.reddit.com/r/CasualUK/comments/8orxbu/hand_dryers_a_national_scandal/,1528214034.0,112,0.93,41,CasualUK,Jaffacakeyounonce
8orrra,Found this fucker in my flat. Send help.,,https://i.redd.it/90xa3t4wb7211.jpg,1528212853.0,126,0.93,69,CasualUK,bonster85
8orjn0,First few days as the new boss,"Recently became the boss of a research lab I‚Äôve made a few small changes 

Got the air conditioning engineers out to fix the bastard thing

Bought a digital radio with a docking facility 

During the World Cup I‚Äôve let people finish early for the England games or respective countries

I‚Äôve also changed the finishing time during the World Cup to 6pm so everyone can get home in time to enjoy the late games for the greatest tournament known to man 

I‚Äôve got people smiling and buzzing around the place with the simplest changes 

I‚Äôm a happy man ",https://www.reddit.com/r/CasualUK/comments/8orjn0/first_few_days_as_the_new_boss/,1528211202.0,259,0.95,93,CasualUK,Kingkunta87
8or91z,"I have a Latin American friend. I have tainted his vocabulary with British-isms. Today he said ""you dozy git"" without irony and it was amazing.",His transformation is complete. Someone get him a British passport.,https://www.reddit.com/r/CasualUK/comments/8or91z/i_have_a_latin_american_friend_i_have_tainted_his/,1528208977.0,2186,0.98,242,CasualUK,benanderson89
8or7fj,An interesting tag line to use on promotional material...,,https://i.redd.it/phybjhubz6211.jpg,1528208622.0,494,0.97,32,CasualUK,canihaveasquash
8or439,Just left my first note on somebody else's car and I can't decide whether I'm a bastard or not.,"There is a car parked outside my flat. Parking is unrestricted, and I have no issue with people parking there. In fact, it's a necessity. I park there when I can.

It's now been 4 days since a Golf with P plates parked there, leaving an 8ft gap (not an exaggeration) at the front and rear, meaning only 3 cars instead of the usual 4 can fit on the row. As a Brit, this has forced me to write a note. Not anonymous, because I hate them.

I need your help though. Does this come over as too dickish? I'm trying to be as polite as I can.

*Hi.*

*Can I ask that, in future, you park closer to the car in front? The gap you've left is excessive.*

*Parking space is in rather short supply and leaving a gap this size stops another car from fitting in behind you.*

*I don't want to put you off parking here, you're always welcome to, but please consider some of the other people who need to park too.*

*Thanks.*

*My name.*",https://www.reddit.com/r/CasualUK/comments/8or439/just_left_my_first_note_on_somebody_elses_car_and/,1528207928.0,83,0.96,34,CasualUK,Toffee_Wheels
8or297,Are you insinuating that my mother is a dog?,,https://imgur.com/k6oTanB,1528207517.0,186,0.95,2,CasualUK,JohnnyNobody66
8oq29b,How well do you know England? Casual UK Edition,"Inspired by this thread: https://www.reddit.com/r/CasualUK/comments/8oos8n/how_well_do_you_know_england/

Describe your region/city/town in only three words and we'll try to guess it. ",https://www.reddit.com/r/CasualUK/comments/8oq29b/how_well_do_you_know_england_casual_uk_edition/,1528198392.0,77,0.94,636,CasualUK,eltrotter
8oq1wv,Just A Minute host misses first show in 50 years,,http://www.bbc.co.uk/news/uk-44363674,1528198288.0,67,0.94,12,CasualUK,Horrible-Chris
8opvgl,"The red arrow on the left side with the blue smoke turned slightly too early, ruining my photo. *Tut's",,https://imgur.com/YsbUVVQ,1528196345.0,89,0.91,21,CasualUK,rlr123456789
8opce9,They've really beefed up security at Kings Cross!,,https://i.redd.it/yvjl2sg7f5211.jpg,1528189818.0,754,0.97,44,CasualUK,BlackShuckChuck
8opc8a,When did McDonald's become a nice place to sit?,"I'm currently sat in McDonald's in Hunt's Cross in Liverpool. I'm  inside for the first time in years since I usually just get a coffee from the drive through. They're playing chilled out music, you order on touch screens then they bring the food to you. Kids are occupied with colouring and built in iPads on the tables. No noise, no fuss. 

Am I just well behind times or is this a new thing? It's actually pleasant.",https://www.reddit.com/r/CasualUK/comments/8opc8a/when_did_mcdonalds_become_a_nice_place_to_sit/,1528189760.0,189,0.94,152,CasualUK,calmdownlad
8oovp0,Having to whistle because there‚Äôs no lock. Or handle.,,https://i.redd.it/69r1jiidw4211.jpg,1528183421.0,78,0.92,13,CasualUK,gingerbenji
8ooobi,I don't know why Harry Hill didn't use my suggestion for the local news round up bit on his show.,,https://i.redd.it/6xo04jd4p4211.jpg,1528180976.0,91,0.91,23,CasualUK,buytheweigh
8om3mt,Been feeding these little guys in our garden for a few years now. Trying to keep the hog population strong in our town!,,https://i.redd.it/bdvsfw3vl2211.jpg,1528155668.0,147,0.98,38,CasualUK,busty-sinclair
8olrnw,"In the 1970s I got run over by an Austin Allegro. Beast of a car, fucking hurt. Guy driving didn't even try to avoid me. Looking at the bloody steering wheel I'm not surprised stayed on course.",,https://i.imgur.com/fCiPn6y.jpg,1528152905.0,58,0.97,25,CasualUK,Monsis101
8olplv,TIL that MS Windows Biometric security requires the assistance of a nonce,[deleted],https://i.redd.it/a9hguvp2c2211.png,1528152413.0,58,0.98,3,CasualUK,[deleted]
8oln7v,Student misdemeanour gone too far,,https://i.redd.it/pgibxy5s92211.png,1528151838.0,55,0.93,11,CasualUK,sayyestocoffee
8ollqy,Best ad ever,,https://i.redd.it/d0dz9tqg92211.jpg,1528151498.0,348,0.96,19,CasualUK,IBoudiaf
8olcyn,Does anybody miss BBC THREE?,"I remember the thursday nights. Bit of Russel Howards good news at 10ish, then some family guy. They had some cringey gems like Snog, Marry, Avoid and some pushing edge documentaries. Thought it was an overall decent channel. Anyone else?",https://www.reddit.com/r/CasualUK/comments/8olcyn/does_anybody_miss_bbc_three/,1528149555.0,115,0.91,116,CasualUK,DebbiesCar
8olcd2,We don't trust the summer in Manchester. Always prepared.,,https://imgur.com/7i9mTjj,1528149423.0,106,0.99,5,CasualUK,ashakespearething
8ol9bp,This letter actually arrived - no need for an address and all the way from Canada!,,https://i.redd.it/00ni78e312211.jpg,1528148767.0,202,0.98,45,CasualUK,danger0usd1sc0
8okjgp,When you're the only person that doesn't smoke...,[deleted],https://i.imgur.com/4lM7bSM.jpg,1528143498.0,431,0.97,88,CasualUK,[deleted]
8ok2ff,Whoever removed two chairs from my set conference for tomorrow...I hope the self service checkout never recognises your items.,,https://i.redd.it/n932mhrmb1211.jpg,1528140120.0,222,0.96,33,CasualUK,EarlOfBronze
8ojz6j,I finally get to use the phrase 'inclement weather',,https://i.redd.it/snpfk2em91211.jpg,1528139445.0,51,0.95,6,CasualUK,maximumquince
8ojdu9,Emergency PSA,,https://i.imgur.com/cFtgoGE.jpg,1528135159.0,160,0.96,56,CasualUK,kenbw2
8oixk4,Time...,,https://i.redd.it/hi008k08mt111.jpg,1528131826.0,225,0.92,26,CasualUK,syriac31
8oi908,How to sell carpets in Nottingham,,https://i.redd.it/t9rev71y70211.jpg,1528126824.0,363,0.98,21,CasualUK,Ph0sf3r
8oi0n8,"I have this week off work to sort the new house out, so far I‚Äôve achieved being a pillow for the dog. ü§¶üèª‚Äç‚ôÇÔ∏è",,https://i.redd.it/x2rsv5iy20211.jpg,1528125097.0,103,0.96,9,CasualUK,millsytime
8ohi2o,Liverpool Echo is my favourite newspaper,,https://i.redd.it/whs9i6goqz111.png,1528121043.0,51,0.95,9,CasualUK,LeebLFC
8ohi0m,So neh neh ner neh neh,,https://i.redd.it/miz3uvwtqz111.jpg,1528121026.0,93,0.98,2,CasualUK,HappyDaysinHell
8ogzlq,Is there something I‚Äôm not getting?,[deleted],https://i.redd.it/n1kacijbdz111.jpg,1528116475.0,64,0.89,7,CasualUK,[deleted]
8ogt6v,My co-worker puts the volume of the radio to 100% in the office. I am a foreigner so I had no issue telling him to turn it down. My British colleagues all texted me to thank me.,[deleted],https://www.reddit.com/r/CasualUK/comments/8ogt6v/my_coworker_puts_the_volume_of_the_radio_to_100/,1528114730.0,283,0.96,42,CasualUK,[deleted]
8ogmkk,Ancient relics,,https://i.redd.it/42e8bubk2z111.jpg,1528112857.0,153,0.96,36,CasualUK,HimOffReddit
8ogli8,Thoughts on having baked beans or spaghetti hoops with a Sunday roast?,"After losing a bet last night, I've got to make a roast dinner on Sunday for the house where I live. Due to budget issues (and a lack of cooking experience), the plan is to:

- Buy a very discounted cooked whole roast chicken from the Asda deli during my shift (I'm working the Sunday shift, so can put one away). By the time I get home from work, the chicken will almost definitely be cold (although the Sunday bus ride is quicker than during the week, it still takes well over an hour), so I'll just bung it in the microwave for 30 seconds before cutting it up.

- I've got frozen peas/carrots in the freezer already, so I'll do them for veg.

- With potatoes, I'm considering either getting the frozen mash that Asda sells (only a quid and it looks like it'll be enough for everyone) or microwaving the frozen potato waffles I already have (and either serving 'as is' or mashing them up before serving).

- I looked at a pack of Bisto and that looks really easy and cheap to do (boil water, add pack of bisto to a large mug, add boiling water, stir, pour).

- I'm considering adding baked beans or spaghetti hoops (just one tin divided between the 8 of us, so only a very small amount each) too, as I know both are a big favourite with everyone (they are probably the most eaten food in the house after bread and crisps). 

- I was also reading about 'tips' for a roast (here: https://www.netmums.com/easter/spring-sunday-lunches) and saw that adding a lemon is also good for chicken roasts, so I'll add optional slices lemon on a side plate too (only 30p).

I figured I should ask for advice here though, especially about adding baked beans or spagahetti hoops with a roast dinner. I know it's not traditional, but do you reckon it'll be nice? Or will it mess up because of the gravy?

Are there any other easy, cheap ways to fill up the plate? (I'm a bit worried the portions will be quite small)",https://www.reddit.com/r/CasualUK/comments/8ogli8/thoughts_on_having_baked_beans_or_spaghetti_hoops/,1528112527.0,83,0.85,111,CasualUK,TopTrumpWANKER
8oggme,I tracked my hot drink consumption for a month,,https://i.redd.it/fvu89dfxwy111.png,1528110999.0,130,0.95,51,CasualUK,chickabiddybex
8ogb39,Anyone else‚Äôs hay fever really bad this year?,Because mine is bloody awful,https://www.reddit.com/r/CasualUK/comments/8ogb39/anyone_elses_hay_fever_really_bad_this_year/,1528109197.0,61,0.94,70,CasualUK,[deleted]
8og6pp,"It‚Äôs my lucky day! This *official email* from HMRC states I‚Äôm eligible for a tax refund, even tho I don‚Äôt work enough to pay tax in the first place!",,https://i.imgur.com/nLAZ9U3.jpg,1528107647.0,85,0.96,45,CasualUK,9DAN2
8og5mi,"The cruise ship that was dwarfing HMS Belfast this weekend. They lifted the Tower Bridge drawbridge for it, and here it was at Greenwich yesterday.",[deleted],https://i.imgur.com/pdHaMcn.jpg,1528107262.0,67,0.97,15,CasualUK,[deleted]
8ofzph,Hayfever at work bingo,"Hayfever sufferer here. This is a list of things people say - play Bingo with this, fellow sufferers:

* Have you got hayfever?

* Have you tried [medication] yet, it worked for my [relative]

* I used to have it when I was younger

* Oooh, it's high pollen today isn't it?

* Have you got a cold?

* Bad luck, my relative has hayfever as well

* Look, they're cutting the grass outside

* Would you like a tissue?

* Have you seen your GP?

Edit:

* Have you tried local honey?

* Mine isn't too bad this year",https://www.reddit.com/r/CasualUK/comments/8ofzph/hayfever_at_work_bingo/,1528105086.0,98,0.95,53,CasualUK,sf318
8ofsm3,Perfect pit stop on the way to my conference,,https://i.redd.it/05venomh7y111.jpg,1528102407.0,184,0.97,31,CasualUK,ed_menac
8ofrf9,How my bottle of red ink was delivered by Royal Mail. I‚Äôm definitely on some sort of list now...,,https://i.imgur.com/JloJmev.jpg,1528101917.0,6799,0.97,179,CasualUK,MrJBJones
8ofenw,From today learner drivers can have lessons on the motorway. Amazing idea or bumper cars guaranteed?,My personal view is I‚Äôm amazed it took so long. I think it‚Äôs a really positive step forward in learning to drive. ,https://www.reddit.com/r/CasualUK/comments/8ofenw/from_today_learner_drivers_can_have_lessons_on/,1528096819.0,51,0.94,149,CasualUK,Klopptomaniac
8ofa93,Scouse comedian realises the crowd is full of German students (x-post from r/videos),,https://www.youtube.com/watch?v=nlhwG5kDax0,1528095251.0,339,0.96,52,CasualUK,Sniper_Guz
8oe2yx,That's it. I'm moving to Canada. Ribena is still full sugar here and it is GLORIOUS.,[deleted],https://i.imgur.com/slS8JQ5.jpg,1528081632.0,178,0.93,56,CasualUK,[deleted]
8od7vh,I've noticed Mumsnet getting mentioned on TV adverts for baby crap... why can't /r/casualUK do the same so we can all get some free Swiss roll kickback?,BTW if anyone wants a cheap laugh have a look at r/bestofmumsnet,https://www.reddit.com/r/CasualUK/comments/8od7vh/ive_noticed_mumsnet_getting_mentioned_on_tv/,1528073511.0,68,0.95,33,CasualUK,miraoister
8oc5ex,Many years since I‚Äôve seen a dismembered VHS tape in a park,,https://i.redd.it/qeuhnemt0v111.jpg,1528063851.0,98,0.96,6,CasualUK,basedinspoons
8oc55x,Spotted on a sunny stroll through the park...,,https://i.redd.it/kvnru0jn0v111.jpg,1528063788.0,50,0.91,11,CasualUK,basedinspoons
8obybd,Ever noticed how bingo adverts show people socialising and having a great time doing everything BUT play bingo?,,https://www.reddit.com/r/CasualUK/comments/8obybd/ever_noticed_how_bingo_adverts_show_people/,1528062111.0,64,0.95,33,CasualUK,DeadYen
8obuwp,"150,323 and rising ...","... that's 'readers on CasualUK'

Hasn't it grown!",https://www.reddit.com/r/CasualUK/comments/8obuwp/150323_and_rising/,1528061262.0,104,0.94,86,CasualUK,6beesknees
8oblaz,Summer is back in the U.K.! Pub competition once again gets traditionally British and creative - worked for me,,https://i.redd.it/utimb6yomu111.jpg,1528059091.0,80,0.91,17,CasualUK,History_Geek91
8ob5k0,"On a lighter note, this is what sunday is for. Pub. Dog. Sun.",,https://i.redd.it/qn2lrfexbu111.jpg,1528055487.0,209,0.94,27,CasualUK,millsytime
8ob2e0,I saw this at the library today and couldn't believe it was published in 1968.,[deleted],https://i.redd.it/tmpwor158u111.jpg,1528054732.0,164,0.97,24,CasualUK,[deleted]
8ob1li,Went to the park to feed the ducks and some swans came over and let us feed their babies!,,https://i.redd.it/eeoh2kp49u111.jpg,1528054552.0,204,0.98,23,CasualUK,traashpanda
8oa8mv,"It seems our lawnmower has three settings: long, short and obliterate.",,https://i.redd.it/yglfbxcdpt111.jpg,1528047892.0,313,0.98,26,CasualUK,richardthesmith
8oa72y,Bought a pressure washer.,,https://imgur.com/jXhiPyR,1528047522.0,121,0.97,16,CasualUK,mr-mistoffelees
8o9z8j,Grandmother uses hairdryer to slow down passing motorists,,https://i.imgur.com/njF2Isg.gifv,1528045726.0,106,0.87,33,CasualUK,L0rdLogan
8o9ohp,Great weather for a ride around Derwent Reservoir,,https://i.redd.it/yxznyu09bt111.jpg,1528043219.0,92,0.98,9,CasualUK,kjhuk
8o9gj1,Casual Blackpool,,https://i.redd.it/wpjnj1qj3t111.jpg,1528041646.0,132,0.99,6,CasualUK,Ket_Donk
8o9cmb,Think I may have overdone it. There's only 4 of us.,,https://imgur.com/gIOunVn,1528040806.0,518,0.96,66,CasualUK,kopsy
8o92gf,You win some you lose some,,https://i.redd.it/lp7k7bi4qs111.jpg,1528038477.0,1129,0.98,39,CasualUK,milesblakey
8o8nf8,I‚Äôve been stood in the bakers for ten minutes and I still can‚Äôt decide which mix and match pie combo to go for,,https://i.redd.it/ghkihevqjs111.jpg,1528033887.0,209,0.97,40,CasualUK,fowderpinger
8o8aqn,Dec-Man,,https://i.redd.it/s8zazfe48s111.jpg,1528029979.0,523,0.94,19,CasualUK,baxter300
8o87sb,So Snowdonia is pretty nice,,https://i.imgur.com/wINu7yN.jpg,1528028960.0,129,0.98,13,CasualUK,percymiracles
8o81wq,Checkmate,[deleted],https://i.redd.it/jixwptkoyr111.jpg,1528026802.0,72,0.95,13,CasualUK,[deleted]
8o81k7,This tosser in a Tesco carpark.,,https://i.redd.it/dg70ihwayr111.jpg,1528026674.0,411,0.99,115,CasualUK,blasto3111
8o808w,In response to the person who found the lady stag beetle: I rescued this big fella from the middle of the pavement a few nights ago.,,https://i.redd.it/jeuq2hyswr111.jpg,1528026170.0,138,0.99,15,CasualUK,ghidorah221
8o8032,Boys don't learn to spell (spotted in Twickenham),,https://imgur.com/aPUzj1l,1528026106.0,126,0.99,20,CasualUK,Wallstonecraft
gol6iq,I've officially joined Club Dad!,Wee Radiatron Jr came along 2 hours ago at a mighty 6lb 6. He's doing well! This is the craziest experience in my life. Hope you're all having great days today too!,https://www.reddit.com/r/CasualUK/comments/gol6iq/ive_officially_joined_club_dad/,1590160514.0,800,0.88,134,CasualUK,[deleted]
gkzyua,This is just bang out of order,,https://i.redd.it/mrzvankja6z41.jpg,1589654872.0,24684,0.94,344,CasualUK,ass_scar
gkzn9o,We've found a new Chinese takeaway that does deep fried peanut butter sandwiches as a starter - what weird and wonderful specialities does your local takeaway offer?,,https://imgur.com/qii9U2h,1589653811.0,175,0.99,50,CasualUK,SquireBev
gkz2a3,My friends were due to get married today,,https://i.imgur.com/HEj14rc.jpg,1589651872.0,1046,0.99,28,CasualUK,Glurt
gkxry1,"Watching TV the other day with my Turkish girlfriend, whose English is excellent, and someone came on with a strong Welsh accent. She initially refused to believe it was a genuine accent and thought he was just putting on a funny voice",,https://www.reddit.com/r/CasualUK/comments/gkxry1/watching_tv_the_other_day_with_my_turkish/,1589647488.0,241,0.98,42,CasualUK,unclear_warfare
ghswuk,"I'm going through a male domestic abuse group therapy course, and today changed my life","So a few months back my (amazing yet scarily young) doctor referred me for Male Domestic Abuse counselling and I was enrolled onto an online course, and we have been going through it. Aside from everything I have been keeping to myself being expressed by others in the group, today we were talking about how domestic abuse affects children, and I, who likes to stay quiet, cautiously explained about how I spent my married years being told I was a terrible parent and came to believe it, and how after I divorced finally became the true me. 

As part of me becoming myself, I improved the relationship I had with my kids, but yet I was being continually told that I was being a terrible father, various threats were made, and I was still being attacked on all levels but physically. In less than 15 minutes of me explaining everything, and how my relationship has changed with my kids,  I was responded to in the best possible way - the counselor and my peers all told me that what I was doing was amazing, and that I was doing the best possible for my two. It was like having a weight lifted off me that had been growing for 14 years.

Hopefully with this course I'll be able to build the confidence to be more assertive, and fight more for my boys in helping them fulfill their desire to live with me as a primary carer. They already talk to me about their personal problems than their mother, and have both expressed their desire to move in with me, but after 11 years married, and 5 years divorced, it's like David vs. Goliath+Pennywise combo. Only time will tell I guess.

On reflection, this post may be completely pointless and may get removed, I don't know, but I felt like I needed to say something to someone, and I thought I would give my parents a break.

Also, hello. I'm a lurker who is trying to re-learn social skills without having to get drunk first :)",https://www.reddit.com/r/CasualUK/comments/ghswuk/im_going_through_a_male_domestic_abuse_group/,1589220536.0,7338,0.97,205,CasualUK,kerruptid
gh7302,How it feels in my garden this afternoon.,,https://i.imgur.com/qxy77Ko.gifv,1589136667.0,1478,0.99,29,CasualUK,HouseTonyStark
g5mz52,My sister Ofsted inspected herself.,[deleted],https://i.redd.it/e58ofn4ld8u41.jpg,1587500859.0,141,0.98,6,CasualUK,[deleted]
g5m6ta,Thought I‚Äôd share this LPT I saw on twitter.. can‚Äôt say I‚Äôve thought about it before but weirdly accurate.,,https://i.redd.it/y6i0w4fb68u41.jpg,1587498415.0,10930,0.96,606,CasualUK,lovelesswalks
g3t0mc,They‚Äôre here already!,,https://v.redd.it/x7kdzof9kmt41,1587236776.0,126,0.99,26,CasualUK,Usualchippy
g3s7fm,Posh English bloke rapping,,https://v.redd.it/wnm8r18vbmt41,1587233957.0,686,0.94,47,CasualUK,noahnear
g3qn0c,Found this mutant of a Frazzle!,,https://i.redd.it/3qw61ccnvlt41.jpg,1587228477.0,187,0.98,15,CasualUK,[deleted]
g3pyjq,Who remembers paying for ringtones and screen pictures?,,https://i.redd.it/4oi38vtjolt41.jpg,1587226089.0,2737,0.99,178,CasualUK,welshie123
g3aeu0,One positive has come from the new notes.. I found this in a stream today,,https://i.imgur.com/XqE3yQn.jpg,1587157241.0,1142,0.99,57,CasualUK,spliffsandsunsets
g38osv,"In my defense... You never really know what they mean by a 'large chips', do you?",,https://i.redd.it/n2geht72jft41.jpg,1587151601.0,2021,0.99,198,CasualUK,levelselect
g38h0q,A letter from John Cleese to one of his fans.,,https://imgur.com/kdOEysp,1587150886.0,7968,0.99,148,CasualUK,wonder-boi
g36y3x,"This time last week my partner and I were toasted enough to crack out the duct tape and old pillowcases to get in on the art challenge. Lady with an Ermine, Coronaissance edition. (feat. Moro the rat)",,https://i.redd.it/o8te8xdl2ft41.png,1587146091.0,480,0.96,35,CasualUK,restlessthing
g36b56,My attempt at breakfast pie.,,https://i.redd.it/2lft936qwet41.jpg,1587144091.0,284,0.92,50,CasualUK,takeawayforteaagain
g33ydx,Really helpful... Cheers mate üëç,[deleted],https://i.redd.it/u342je7maet41.jpg,1587136655.0,82,0.93,33,CasualUK,[deleted]
g31i7y,A hedgehog fell into a hole in our garden so we scooped him up in a flower pot.,[deleted],https://i.redd.it/bozu1zirldt41.jpg,1587128296.0,261,0.99,31,CasualUK,[deleted]
g30eq7,Today's visitors,,https://i.redd.it/3533ncgg8dt41.jpg,1587123820.0,391,0.99,15,CasualUK,jamathers
g30ajb,"I lost my job due to the virus, I‚Äôm isolated from my girlfriend and my daughter, I have no friends or family around, and I spent my birthday completely alone. BUT LOOK AT THIS FUCKING YOLK!!! üòç",,https://i.imgur.com/6sMixAd.jpg,1587123304.0,52194,0.91,1085,CasualUK,Turbo_Heel
g2zj16,I set up a desk in a window that previously got little attention. I think my presence surprised the neighbourhood cat this morning.,,https://i.redd.it/nvjq8wohwct41.jpg,1587119798.0,663,0.99,19,CasualUK,ILikedTheBookBetter
g2ywiz,Quick drink at 9am,,https://i.redd.it/xhz2rqxfnct41.jpg,1587116752.0,1138,0.98,133,CasualUK,wardyadam
g2xbo2,Can't find the electric whisk blades? Bored? Improvise. Adapt. Overcome.,,https://v.redd.it/yiw3tqolzbt41,1587108858.0,323,0.9,88,CasualUK,novemberdobby
g2ql25,"Neighbours leant me their ""lawnmower"". It's great. It has a built in fertiliser system and runs on hobnobs.",,https://i.redd.it/rx2zx4hvn9t41.jpg,1587080584.0,362,0.99,30,CasualUK,ChaosBitch
g2p31c,UK Reddit Scams,"Remove if not allowed modsJust wanted to warn people, I just came across two identical posts on r/london and r/liverpool both with pleas for help describing identical situations (word for word the same). People replied with offered of paypal transfers and the like, I commented what I had found and they were both deleted within a couple of minutes. Please just beware while you are browsing your local subs

&amp;#x200B;

Edit\* spelling",https://www.reddit.com/r/CasualUK/comments/g2p31c/uk_reddit_scams/,1587075639.0,109,0.98,20,CasualUK,batfruitbox
g2oq9r,From a beach walk yesterday. Tern divebombing and a seal in the same photo. Pretty pleased with this.,,https://i.redd.it/93dbc13v59t41.jpg,1587074520.0,116,0.96,5,CasualUK,user34668
g2nl3h,"My daughter decided to paint teletubbies in a strip club ,I think the lockdowns getting to her .",[deleted],https://i.redd.it/422i3scav8t41.jpg,1587070964.0,292,0.93,18,CasualUK,[deleted]
g2n7j3,"Shame the blossom is such a fleeting visitor, looking lovely out there today in and around Manchester.",,https://i.redd.it/vyh20dopr8t41.jpg,1587069766.0,78,0.98,4,CasualUK,fr0zenembry0s
g2mial,On my daily walk this morning; seems legit,,https://i.imgur.com/YSwaggb.jpg,1587067584.0,177,0.95,12,CasualUK,Avalonwest1
g2lmyl,"Some furniture made of pallets my Step-Dad made, finished it after a few months due to quarantine boredom.",,https://i.redd.it/w2wq2h2cd8t41.jpg,1587064927.0,218,0.97,11,CasualUK,monobr0w_
g2lgmk,"Bit of a dilemma,, finally get these back in their correct packaging now I'm thinking should I really be opening them being 'limited edition' and all Hmmm?",,https://i.redd.it/3m0ncgbcb8t41.jpg,1587064381.0,85,0.94,17,CasualUK,billey_
g2kg39,"(County Durham) Exactly one branch of this tree blooms pink, all the others are white",,https://i.redd.it/br51ykef28t41.jpg,1587061319.0,107,0.98,13,CasualUK,odious_odes
g2hic3,I wonder what it was before it was covered up!,,https://i.redd.it/7d607ge0c7t41.jpg,1587052376.0,2158,0.99,82,CasualUK,Adoyoor
g2hcsq,Lancaster man beats lockdown blues by building Lancaster Castle out of toast.,,https://www.thevisitor.co.uk/health/lancaster-man-beats-lockdown-blues-building-lancaster-castle-out-toast-2538075,1587051884.0,83,0.95,8,CasualUK,dogsALLDAY
g2g8y9,"Built a bench out of quarantine boredom, quite chuffed with it actually",[deleted],https://i.redd.it/6m8vaom307t41.jpg,1587048378.0,617,0.98,53,CasualUK,[deleted]
g2g7wz,My uncle getting his priorities right over quarantine,,https://i.redd.it/2fmx8k6uz6t41.jpg,1587048281.0,268,0.96,37,CasualUK,Nascha_lupus
g2em1c,God I can‚Äôt believe I‚Äôve never had one is these before! They are so addictive.,,https://i.redd.it/cakqqgd2j6t41.jpg,1587042643.0,7829,0.97,453,CasualUK,samiscool24
g2elci,Pestle &amp; Mortar - is this a UK thing?,"Exceedingly specific topic, I realise. You know how in a lot of cases a certain ordering of two or more words just seems more 'right'? As long as I've been around I've known, and referred to the classic druid-derived method of crushing and grinding herbs and spices as a *pestle and mortar*. However, on searching for this on google, I quickly note that almost every mention of said item on the internet calls it a ""mortar and pestle"".

Now, to me at least, that just sounds plain wrong. The cadence isn't nearly as nice. It sounds clunkier. I like pestle and mortar, that's what I'll continue saying. That's me.

Now that that's established...what are other people from the UK familiar with calling it? I'm just wondering if other people have had the same experience. I notice that when searching it for it my way, in quotation marks, on google, most of the results that come up are .co.uk or otherwise British domains. Is this a British variation?

(Sorry if this subject bored any of you to death)",https://www.reddit.com/r/CasualUK/comments/g2elci/pestle_mortar_is_this_a_uk_thing/,1587042574.0,74,0.95,103,CasualUK,ChurKirby
g2eddi,Summer reading sorted üòä Cx,,https://i.imgur.com/ia4xvSd.jpg,1587041721.0,82,0.94,17,CasualUK,Bogwoppit
g2ea4g,Is peep show a good show worth watching in 2020?,Just finished watching BoJack horseman and a bit bored. Does it hold up well and is it funny?,https://www.reddit.com/r/CasualUK/comments/g2ea4g/is_peep_show_a_good_show_worth_watching_in_2020/,1587041362.0,329,0.96,160,CasualUK,James-1998
g2ea1e,Blackdown Hills AONB,,https://i.imgur.com/IA2fCKh.jpg,1587041351.0,98,0.97,8,CasualUK,[deleted]
g2e91d,Ben Fogle suggests we all sing happy birthday on the Queen's birthday. The responses are..mixed.,,https://twitter.com/Benfogle/status/1250673774967611393?s=20,1587041232.0,85,0.89,57,CasualUK,Foldingthings
g2doza,Thanks UberEats,,https://i.redd.it/a7otil1t76t41.jpg,1587038860.0,2214,0.99,21,CasualUK,Ocean-derp
g2dojs,Message from local pothole,,https://i.redd.it/0konwjgo76t41.jpg,1587038814.0,461,0.99,34,CasualUK,almostyelloww
g2djg4,Quarantine has got my dad having date nights with Hetty the hoover.,,https://i.redd.it/vzya6b8s56t41.jpg,1587038173.0,2500,0.98,79,CasualUK,littleawon
g2br8q,Inspired by #Quiz and due to having nothing better to do... here are some of my favourite ‚Äòwaves‚Äô from hopeful contestants on Who Wants To Be A Millionaire.,,https://twitter.com/AlbionJake/status/1250367617493356548,1587029435.0,205,0.95,17,CasualUK,Jeff-Stelling
g2bnra,Does nobody ever open their windows?,I can see a few streets from my garden and my house appears to be the only one with open windows. Those people must have a fear of fresh along with  stinky bedrooms.,https://www.reddit.com/r/CasualUK/comments/g2bnra/does_nobody_ever_open_their_windows/,1587028944.0,62,0.86,120,CasualUK,Informal-View
g2blpt,Another quality piece of workmanship from our local council (newly repaired),,https://i.redd.it/bu27d53id5t41.jpg,1587028662.0,8345,0.98,385,CasualUK,spigotherder
g2bcrl,Warm morning down in the southeast (walking back from last paper delivery),,https://i.redd.it/7a33up5u95t41.jpg,1587027431.0,70,0.93,14,CasualUK,XanderCCC
g2axuq,Do you have a mug that you don't use because you don't like it?,"I've two mugs that I have for years but never pick. One of them is from a city I don't like, and another one was a present but I don't like the design.",https://www.reddit.com/r/CasualUK/comments/g2axuq/do_you_have_a_mug_that_you_dont_use_because_you/,1587025227.0,153,0.97,109,CasualUK,Londonitwit
g2aj74,Jumped at the chance to take a walk and enjoy a spring morning in the nature reserve on my doorstep. Here‚Äôs a pic.,,https://i.redd.it/t09dwkixw4t41.jpg,1587023094.0,144,0.97,6,CasualUK,northernptech
g23vzp,"When kebab is the only takeaway still available during lockdown, my flatmate and I take them pretty seriously",,https://i.redd.it/7obg7padl2t41.jpg,1586994986.0,143,0.94,43,CasualUK,The_eternal_bumbler
g21p29,They don't make adverts like this any more. Please tell me I'm not the only one who remembers this?,,https://v.redd.it/o3vmgxxbz1t41,1586987788.0,12438,0.97,452,CasualUK,whosthatgir-itsme
g20voa,"Warwick Castle, England",,https://i.redd.it/wvwelh00s1t41.jpg,1586985154.0,182,0.98,26,CasualUK,Tiger_bwsw
g1z39k,"F*#k you fortune cookie, f*#k you!!",,https://i.redd.it/6pytbtkdb1t41.jpg,1586979524.0,915,0.98,24,CasualUK,culinaryskills81
g1z1bb,Spot the plane....,,https://i.redd.it/wzf7i16wa1t41.jpg,1586979361.0,458,1.0,43,CasualUK,jrdavison
g1wnx0,So the swimming pool in my apartment complex is closed due to the virus. Someone from 2006 stuck this over the notice,,https://i.redd.it/j5m0f9krp0t41.jpg,1586972254.0,337,0.98,30,CasualUK,EwanWhoseArmy
g1wfx3,My dad put a message for the postman on the door...,,https://i.redd.it/73crlohsn0t41.jpg,1586971592.0,322,0.93,22,CasualUK,NUFC97DEANO
g1vx24,Golden Rule of window display. Don't let a Serial Killer do it.,,https://i.redd.it/4ds3qoa0j0t41.jpg,1586970012.0,66,0.94,4,CasualUK,ganfalll
g1verm,Saltburn Funicular; The Cutest station in the UK!,,https://i.redd.it/npkqg2qde0t41.jpg,1586968462.0,515,0.99,42,CasualUK,Hazard262
g1v4ma,Looking forward to visiting here after lockdown is over,,https://i.redd.it/k2qydm4ub0t41.jpg,1586967567.0,117,0.96,8,CasualUK,TopMurph
g1tv1q,Owain Wyn Evans (Weatherman for BBC North West) is a national hero,,https://twitter.com/OwainWynEvans/status/1250319769678409735,1586963750.0,234,0.97,17,CasualUK,stereoworld
g1t0v0,Update on the ducks. They're together now.,,https://i.redd.it/q9chkblnszs41.jpg,1586961119.0,248,0.99,7,CasualUK,ThesoundofReddit
g1s7vg,"A day before my 25th Birthday, I received a wonderful surprise. I received this badge and certificate through the post today, having recently made my tenth donation at the end of March. I feel very proud today!",,https://i.redd.it/5r1kz759kzs41.jpg,1586958423.0,458,0.97,81,CasualUK,CountyCricket
g1rtjp,The name‚Äôs Post. Lamp Post.,,https://i.redd.it/v4z0ligfgzs41.jpg,1586957013.0,449,0.98,20,CasualUK,vbloke
g1rqn9,"Fuckin hell, this one hits close to home.",,https://v.redd.it/tn3eafsifzs41,1586956712.0,2155,0.99,89,CasualUK,Cod4dropshotter
g1rpzf,"Kiddo and doggo bonding over a mutual love of mud and digging. Times may be difficult, but we are making some memories.",,https://i.redd.it/qrvq04pcfzs41.jpg,1586956643.0,122,0.93,15,CasualUK,LifeIsADarkRoom
g1qqgf,Oh My God (Stay Home Edition) | Kaiser Chiefs,,https://www.youtube.com/watch?v=GrsuibV4GZY,1586952684.0,122,0.96,9,CasualUK,gnutrino
g1qfid,Bought a box of broken biscuits from Iceland and found the legendary bourbonbonbon!,,https://i.redd.it/3zfiyulnzys41.jpg,1586951381.0,1318,0.99,89,CasualUK,SiGrason
g1o8cj,Isn't nature wonderful? Red kite flying over rapeseed fields in Bedfordshire,,https://i.redd.it/n3gs5fri3ys41.jpg,1586940566.0,187,1.0,17,CasualUK,scouserdave
g1nlq1,Tube message.,[deleted],https://i.redd.it/ehil03s3uxs41.jpg,1586937398.0,38440,0.93,412,CasualUK,[deleted]
g1nch3,"My son, my first born, my fastest swimmer - using a cheese string to eat his Munch Bunch....",,https://i.redd.it/f0mzqxpeqxs41.jpg,1586936148.0,185,0.9,56,CasualUK,[deleted]
g1maln,Lock down would be so much worse if the weather was shite.,,https://i.redd.it/qrhenpycbxs41.jpg,1586931090.0,171,0.96,26,CasualUK,jradstone
g1kb9l,This first time visiting American had no idea fairy tales were real,,https://i.redd.it/li6hut1ikws41.jpg,1586922058.0,457,0.95,90,CasualUK,utechap
g1goib,My little brother has been working on a graphic design social distancing project. And I'm proud as punch ‚ù§,,https://i.redd.it/a82peqw8evs41.jpg,1586907852.0,162,0.92,16,CasualUK,sleepysanta800
g1f23z,This man is a legend,,https://v.redd.it/dyacssnjxus41,1586902247.0,194,0.94,15,CasualUK,Phil_Bazz
g1dz2y,This is the best thing thats ever happened to me.,,https://i.redd.it/03tw2a4ymus41.jpg,1586898664.0,1988,0.97,115,CasualUK,godopolis
g1c6cn,"A huge thanks to the ""Covert car washer"" of Sheffield.","Got back home from work this evening, and passed by my car.  Some kind soul has cleaned all the cars on the residential street.


So a huge thanks kind stranger, if you're a redditor, It has genuinely made my day.  Stay safe everyone.",https://www.reddit.com/r/CasualUK/comments/g1c6cn/a_huge_thanks_to_the_covert_car_washer_of/,1586892732.0,82,0.96,17,CasualUK,[deleted]
g1bzcv,TIL Ruby from Eastenders was in line to play Yoda in the Star Wars prequels but got snubbed at the last minute and never got over it...,[deleted],https://i.redd.it/v7pi9jrj3us41.jpg,1586892139.0,193,0.92,12,CasualUK,[deleted]
g1bwdt,"Been out for my daily exercice, it wasn't too shabby. Anything nice happened to you today?",,https://i.redd.it/g2bc2gsq2us41.jpg,1586891876.0,249,0.96,43,CasualUK,daughter_alice
g1bvrr,penny farthing polo international team,,https://i.redd.it/vd358iwk2us41.jpg,1586891825.0,74,0.96,7,CasualUK,fieldsofglory-MP
g1asbu,"Put the long Easter weekend to good use and tidied the garden, reckon it turned out quite well. Anyone else have joy with their weekend projects?",,https://i.redd.it/zndnlgk7sts41.jpg,1586888334.0,5529,0.94,144,CasualUK,featurenotabug
g1a1tn,Found a flavour ball of pickled onion powder in my monster munch! Possibly the greatest food ever,,https://i.redd.it/tc9x9eu4lts41.jpg,1586885961.0,169,0.91,26,CasualUK,sunisahota
g19xis,"Probably my last bluebell picture of the year, as they‚Äôre starting to go over now (very early this year). I love the few days of the year when you can actually smell them!",,https://i.redd.it/z9v0m5t0kts41.jpg,1586885576.0,179,0.98,18,CasualUK,FlickGC
g19nov,Truly a great day,,https://i.redd.it/v0cq7lnfhts41.jpg,1586884702.0,7893,0.98,143,CasualUK,tootscat
g1868a,Not sure what the thought process was here,,https://i.redd.it/pwu9ylab3ts41.jpg,1586879977.0,198,0.98,47,CasualUK,tishthefish
g17ox5,This might be the most random endorsement I have ever seen,,https://i.redd.it/7ionhtdryss41.jpg,1586878422.0,79,0.95,12,CasualUK,ecthelion78
g17i87,Just found this little homepride fella in the loft. Anybody remember these ?,[deleted],https://i.redd.it/zyye5chxwss41.jpg,1586877809.0,223,0.97,32,CasualUK,[deleted]
g16f5p,LPT: a Pringles cap fits on a Gu glass jar,,https://i.imgur.com/KRtjQb8.jpg,1586874225.0,6336,0.99,214,CasualUK,p44v9n
g165ct,Took this out and about a few weeks back,[deleted],https://imgur.com/xzN3AWw,1586873258.0,102,0.99,8,CasualUK,[deleted]
g162gv,Thank you to Mark at Tesco Warrington for his 5 cases of Easter eggs he donated to the ambulance staff as a thank you! Legend!,,https://i.redd.it/sing9oeiiss41.jpg,1586872967.0,918,0.98,7,CasualUK,Diastolic
g14wu2,This car with huge speaker just passed by my street with country music at max volume.,,https://i.redd.it/hzrkr6f95ss41.jpg,1586868501.0,214,0.96,65,CasualUK,Armandorev
g14o27,Achieved a life goal today. I have a Henry Hoover,,https://i.redd.it/2hfeoig82ss41.jpg,1586867485.0,752,0.98,123,CasualUK,jimmyrayreid
g14f4c,Thought I'd knock together one of these mini park bench bird/squirrel feeders. Not bad for a scrap wood job.,,https://imgur.com/5cRvFVA,1586866400.0,117,0.98,22,CasualUK,26326312
g1409e,Best ¬£4 50 I've spent during lockdown,,https://imgur.com/N6Qq2Kv,1586864513.0,80,0.93,40,CasualUK,workswiththeturtle
g13lhc,Awesome things happen when you go in the mix with Dad (Fatboy Slim and his daughter),,https://youtu.be/h5kFZ2UZ4uI,1586862571.0,75,0.91,32,CasualUK,[deleted]
g13ldp,Mini-landscape,,https://i.redd.it/o17ih4f00ns41.jpg,1586862558.0,1103,0.99,12,CasualUK,MorrisM
8o7sus,A fine morning in Bristol today,,https://i.redd.it/y1a3dtomnr111.jpg,1528023088.0,337,0.98,29,CasualUK,feenbank
8o7ozu,A madlad has been on the tube,,https://i.redd.it/p98ih82kir111.jpg,1528021386.0,446,0.98,10,CasualUK,thesaltwatersolution
8o7ogw,Not sure about the name of my son's new car seat...,,https://i.redd.it/7w4u0pzvhr111.jpg,1528021159.0,164,0.98,25,CasualUK,Bloatyheed
8o7i9e,Coffee van expressing sexual preference,,https://imgur.com/hcJGNgD,1528018396.0,103,0.99,1,CasualUK,The_Tuero_Enigma
8o7cxh,McDonald's might as well rename the McFlurry to the Bung-Some-Toppings-On-Top-Of-Some-Ice-Creamy.,,https://imgur.com/1dla7Ce,1528015969.0,75,0.96,16,CasualUK,BootStampingOnAHuman
8o7bqw,Mad love for whoever made this playlist.,,https://i.redd.it/5q6tmh7r0r111.jpg,1528015405.0,13933,0.92,216,CasualUK,mpdehnel
8o73tl,Anyone else cleaning their lego today?,,https://v.redd.it/rnoli5r9qq111,1528011936.0,152,0.96,58,CasualUK,[deleted]
8o7372,Casual council notice,,https://i.redd.it/230khzthpq111.jpg,1528011605.0,732,0.89,28,CasualUK,samdraper
8o732j,"It's Stag Beetle season! If you see one of these magnificent beasts on a pavement, please move it so it doesn't get squished",,https://i.redd.it/o4xvtn58pq111.jpg,1528011554.0,208,0.98,87,CasualUK,vbloke
8o72j9,British optimism at its finest,,https://i.redd.it/on95z4ukoq111.jpg,1528011336.0,304,0.98,24,CasualUK,roomal29
8o4p0z,You sure about that?,,https://i.redd.it/752w1qm1fo111.jpg,1527983878.0,79,0.96,9,CasualUK,Chris-P
8o3kxi,Update: I think someone‚Äôs started something,[deleted],https://i.redd.it/3qe09qorjn111.jpg,1527973361.0,123,0.99,22,CasualUK,[deleted]
8o3hoh,Songs that make British people lose it,[deleted],https://i.redd.it/gtpo35edhn111.png,1527972554.0,351,0.93,154,CasualUK,[deleted]
8o32v1,"The state of this ¬£20 compared to the ¬£10, beginning to see the bonuses of plastic.",[deleted],https://i.redd.it/94lp19a76n111.jpg,1527968804.0,178,0.97,61,CasualUK,[deleted]
8o2uah,Only just noticed Mr Sheen flies a duster,,https://imgur.com/hsO3HGU,1527966700.0,120,0.99,10,CasualUK,SquireBev
8o2fyp,Nice day for it,,https://i.redd.it/ir4fcfkppm111.jpg,1527963251.0,240,0.99,33,CasualUK,Willmorgan90
8o2d8a,Anyone else get Forces TV?,,https://i.redd.it/hr93ocltnm111.jpg,1527962617.0,62,0.93,15,CasualUK,cowie71
8o2753,Check out what these guys have in their office.,,https://i.redd.it/u9yikofmjm111.jpg,1527961206.0,139,0.98,19,CasualUK,Mr5wift
8o1uka,"Mate telling me he went to a private school but ""not a posh one""...",,https://www.reddit.com/r/CasualUK/comments/8o1uka/mate_telling_me_he_went_to_a_private_school_but/,1527958155.0,71,0.94,45,CasualUK,ac13332
8o1gsj,Anyone else dying more than usual from hayfever today?,"My nose can't stop running, it's not even snot anymore.",https://www.reddit.com/r/CasualUK/comments/8o1gsj/anyone_else_dying_more_than_usual_from_hayfever/,1527954787.0,54,0.99,30,CasualUK,AntM16
8o19b8,"Come, converse about freezer bags",,https://i.redd.it/5oghrpqysl111.jpg,1527953198.0,357,0.99,33,CasualUK,[deleted]
8o0ce6,"Kicking off at a Mr Tumble show, Butlins",,https://i.imgur.com/ur1JxIo.png,1527943969.0,90,0.98,18,CasualUK,Monsis101
8o05jp,When the cheapest car insurance is Shela's Wheels and you have to bring a Certificate of Insurance to your boss so you can use your car for work,"So this thing is bright pink, has Shela's Wheels all over it and I feel like a tit having to show it to people. ",https://www.reddit.com/r/CasualUK/comments/8o05jp/when_the_cheapest_car_insurance_is_shelas_wheels/,1527941631.0,175,0.97,40,CasualUK,skyepilotgurl
8o01b2,My little town is so pretty in the sunshine,[deleted],https://i.redd.it/3ktsipdysk111.jpg,1527940130.0,136,0.98,19,CasualUK,[deleted]
8nzqvr,Last chance to buy pre-Kraft Cadbury,,http://www.bbc.co.uk/news/uk-england-leicestershire-44323109,1527935865.0,58,0.98,12,CasualUK,echoesreach
8nzq5f,Saw this outside a cafe in Leeds,,https://i.redd.it/6jn6i09afk111.jpg,1527935534.0,357,0.92,7,CasualUK,Whiteshadows86
8nzndj,You know you are a national treasure when you have this many letters after your name.,,https://i.imgur.com/J3MAG2O.png,1527934313.0,1696,0.98,93,CasualUK,mynameisfreddit
8nzmvz,Concrete Jungle. Coventry.,,https://i.redd.it/mrgnowj2bk111.jpg,1527934120.0,218,0.97,39,CasualUK,fluffsta007
8nzmlm,"In 2003, British teens created a shot-for-shot remake of Star Wars: A New Hope using household items. Many of the characters are inexplicably wearing rabbit masks. It's over 6 years old and currently has 351 views.",,https://vimeo.com/41210663,1527934009.0,450,0.97,20,CasualUK,jampax84
8nzkv9,"(A couple of months ago, but thought this would be appreciated here) Always delivering, and always entertaining.",,https://i.redd.it/6q5q1e0k8k111.jpg,1527933269.0,406,0.98,15,CasualUK,RichyGid
8nz63u,PSA: Don‚Äôt forget about your booze in the freezer.,,https://i.redd.it/y6q6j414pj111.jpg,1527926729.0,489,0.99,114,CasualUK,DeadYen
8nz3g7,Cumberbatch fights off muggers near Baker Street,,https://i.redd.it/7qg1ginilj111.jpg,1527925520.0,188,0.94,33,CasualUK,IKissedThePiper
8nz14z,Seems legit.,,https://imgur.com/2P3s42M,1527924487.0,611,0.98,45,CasualUK,BottleGoblin
8nyzn6,Anyone know where I can get the explicit version?,,https://i.redd.it/qwvd2tkhgj111.jpg,1527923829.0,483,0.98,31,CasualUK,JellyHur
8nyz3c,"For some reason, my brain has decided that it wants to sing Bohemian Rhapsody, but as sung by The Proclaimers.","It's a lot funnier song in a heavy Scottish accent. 

I really want someone to record this now.",https://www.reddit.com/r/CasualUK/comments/8nyz3c/for_some_reason_my_brain_has_decided_that_it/,1527923582.0,66,0.96,10,CasualUK,vbloke
8nyywo,British health and safety standards are all BS.,"(this is a joke - all British standards start with the letters ""bs"" - meaning ""British standard"")",https://www.reddit.com/r/CasualUK/comments/8nyywo/british_health_and_safety_standards_are_all_bs/,1527923502.0,56,0.87,10,CasualUK,SamPoulton
8nyxlb,"""That's not my job. I just put the signs out.""",[deleted],https://i.redd.it/ssukt2bydj111.jpg,1527922981.0,142,0.97,8,CasualUK,[deleted]
8nysfa,"Free off-peak return ticket to Birmingham, valid today 02/06 where the arrow is pointing, at Manchester Picc. Get it if nobody has",,https://i.imgur.com/3u6yui2.jpg,1527920873.0,183,0.97,16,CasualUK,FreeTickitix
8nyn28,Meanwhile in England..,,https://i.imgur.com/nJgKVO5.gifv,1527918897.0,912,0.98,47,CasualUK,eurfryn
8nvpy9,The most british thing you will wee this week,,https://v.redd.it/jarttkjlld111,1527889183.0,87,0.85,5,CasualUK,dragon2466
8nvptg,Seen in Birmingham. Poor guy.,,https://i.redd.it/y42h9b6blg111.jpg,1527889152.0,323,0.99,45,CasualUK,andigofly
8nvj4j,True genius,,https://i.imgur.com/7SgM6cp.png,1527887628.0,27498,0.85,725,CasualUK,fireball_73
8nulvi,Staff turnover at Top Gear makes me think the BBC should just axe the show as we all know without the original 3 it is no longer 'the same'.,"Just my thoughts but I will be honest I have not watched TG since they left and have not watched their new show on Amazon, even though I got Prime.

The moment that guy got a smack on the chops for not providing hot chops the show was dead and should have been chopped imho.

This dragging out the demise is embarrassing.",https://www.reddit.com/r/CasualUK/comments/8nulvi/staff_turnover_at_top_gear_makes_me_think_the_bbc/,1527880393.0,65,0.91,26,CasualUK,Tangled_Wires
8nu98q,"Founded in 1169 AD - Finchale Priory, County Durham. A former summer retreat for monks.",[deleted],https://i.imgur.com/5lZnSnK.jpg,1527877741.0,80,0.99,7,CasualUK,[deleted]
8nty95,When people talk about yob culture but your town is full of lovers not fighters,,https://m.youtube.com/watch?v=xOHY8ZyK0Aw&amp;feature=youtu.be,1527875477.0,73,0.95,16,CasualUK,afrodizzy25
8ntxsp,Is it me or does the TravelLodge bes guy look a bit... Rapey?,[deleted],https://imgur.com/HQcn0qq,1527875381.0,59,0.93,16,CasualUK,[deleted]
8ntly8,"Ask me a question, I‚Äôll answer, then edit your question to make me look stupid.",,https://www.reddit.com/r/CasualUK/comments/8ntly8/ask_me_a_question_ill_answer_then_edit_your/,1527872976.0,115,0.98,111,CasualUK,[deleted]
8nt83m,"Visa outage across the entirety of the UK. No cash to buy beers, weekend officially ruined.",,https://www.mirror.co.uk/money/breaking-widespread-visa-outage-millions-12634408,1527870042.0,181,0.97,63,CasualUK,Kurshu1
8nt6he,Only in Liverpool UK,,https://i.redd.it/r5wweupize111.jpg,1527869693.0,459,0.93,24,CasualUK,Need4speed81
8nt1vg,"Poet, philosopher &amp; failure.",,https://i.redd.it/mt2rksolve111.jpg,1527868853.0,121,0.99,14,CasualUK,Sylocule
8ns4iy,"After a 5 mile walk in the sun, the dog is knackered and I‚Äôve got sun burn. Wear sun screen kids",,https://i.redd.it/u2rrzszace111.jpg,1527861893.0,269,0.97,29,CasualUK,[deleted]
8ns2mz,accurate tweet about British drinking culture,,https://i.redd.it/x64leas2be111.jpg,1527861474.0,1650,0.97,154,CasualUK,fran5158
8nrubw,Me and the guy in the cubicle next to me are having a standoff as to who poos first. Both waiting for the other to leave,,https://www.reddit.com/r/CasualUK/comments/8nrubw/me_and_the_guy_in_the_cubicle_next_to_me_are/,1527859417.0,59,0.89,23,CasualUK,kick_muncher
8nriug,Cold caller. Quickest phone put down ever. Puzzled...,"Pick up phone to a cold caller from abroad. 

Hear him say, ""Hello, how are you?""

I quickly say, ""Terrible.""

I hear him say, ""Oh.""

And he puts the phone down.

Where has all the fun gone?",https://www.reddit.com/r/CasualUK/comments/8nriug/cold_caller_quickest_phone_put_down_ever_puzzled/,1527856428.0,67,0.96,17,CasualUK,stateit
8nrhxd,Lads,,https://i.imgur.com/yFezsi0_d.jpg?maxwidth=640&amp;shape=thumb&amp;fidelity=medium,1527856179.0,279,0.93,12,CasualUK,Metamorphism
8nr5z3,I could imagine the owner being like ‚Äúwho‚Äôs laughing now!?‚Äù,,https://i.redd.it/lzvq3xv3ld111.jpg,1527852765.0,176,0.95,33,CasualUK,MichaelMoore92
8nr4nl,Naked Mod Friday !!! This week's Mod is HPB.,"Hi Gang,

[I'm off to Twickenham tomorrow and as it's the Seven's I'm going in fancy dress. I thought I'd incorporate my fancy dress with our regular weekly Naked Mod thread.](https://imgur.com/a/C04SdaD)

I've marked as NSFW because you can see a bit of my cock.

If anyone else is going say hello if you see me. Our likely route is King's Cross &gt; Hammersmith &gt; Richmond &gt; Twickenham. We're in block M33.",https://www.reddit.com/r/CasualUK/comments/8nr4nl/naked_mod_friday_this_weeks_mod_is_hpb/,1527852333.0,1653,0.96,113,CasualUK,HPB
8nqwfh,And the rest of the world has the nerve to call us pessimists.,,https://i.redd.it/lf0xy1wubd111.jpg,1527849629.0,461,0.97,91,CasualUK,SteelyGlint009
8nqpom,The average price of a pint is 60p more than what Brits consider 'reasonable' [Map],,https://pbs.twimg.com/media/DemMtS9W4AEmZXa.jpg:large,1527847242.0,65,0.97,50,CasualUK,Blurandski
8nqmah,How do you deal with shitbag street urchins?,"Was working on my bike yesterday and three kids were hanging around just being kids. One comes over and goes ""those kids just raped me"" and I just rolled my eyes and carried on. He comes over continually for an hour, i told him to just fuck off and he carried on being a shit, constantly saying stuff, hanging around mine (and my mate's) cars so making us a little nervous. He must've been 10-12ish, so 20 year old me can't exactly lamp him. It got me thinking though, is there anything you can do? I'm being harassed by a walking turd!

In the end my 14 year old sister came out and stared them down and they left. Not sure if I'm impressed, shocked, or surprised that they pissed off in the end but whatever.",https://www.reddit.com/r/CasualUK/comments/8nqmah/how_do_you_deal_with_shitbag_street_urchins/,1527846009.0,62,0.9,69,CasualUK,GoatFuckYourself
8nqgkb,And the print advertising award goes to..,,https://i.redd.it/tvrbaq7ruc111.jpg,1527843884.0,247,0.98,56,CasualUK,Bastardjones
8nqeqw,Village hall rules,,https://imgur.com/uoARPUk,1527843191.0,164,0.97,18,CasualUK,rancidaccordion
8nqe2j,Seems legit,,https://i.imgur.com/8TnxDaK.jpg,1527842934.0,2264,0.98,22,CasualUK,0023jack
8nq6bs,New selection in the work drink dispenser. Beefy goodness,,https://i.redd.it/bgsxnyh1jc111.jpg,1527839947.0,137,0.97,36,CasualUK,HarryGoLocky
8nq29d,"Finally, he has been caged.",,https://i.redd.it/mu8r4fa9ec111.jpg,1527838349.0,371,0.99,28,CasualUK,SpikeVonLipwig
8nq21x,British Gas customer services at their best,,https://i.redd.it/h9yizog3ec111.png,1527838275.0,217,0.98,32,CasualUK,andyhazlewood
8npsgx,That'll stop them!,,https://i.redd.it/k88kvfc74c111.jpg,1527834970.0,115,0.95,19,CasualUK,doccadocca
8npqc5,I can't be the only who's incredibly excited to see these two on screen again,,https://i.redd.it/1qfcsd952c111.png,1527834257.0,169,0.91,12,CasualUK,mourne_gadgie
8nlz7o,"Thanks postie, my cats pissed on the carpet because they couldn‚Äôt get out",,https://i.redd.it/5mqtj7t389111.jpg,1527799940.0,66,0.95,12,CasualUK,dpollard_co_uk
8nlu93,I just found something from a time when the Old ¬£1 Coin was the New ¬£1 Coin!,,https://i.imgur.com/8IXgXp9.jpg,1527798873.0,60,0.96,26,CasualUK,LaneDash
8nlne1,You can leave me and my Frosties the fuck alone mate,,https://i.imgur.com/2SdGB48.png,1527797463.0,18433,0.94,876,CasualUK,TrippingOnAlkali
8nlmf7,The people at the till next to me in Poundland are buying 45 milk trays,,https://i.redd.it/9voixpf409111.jpg,1527797274.0,83,0.97,28,CasualUK,[deleted]
8nlacv,Broke the rules and wrapped fish fingers in bacon. I'm drunk what have I done.,,https://i.redd.it/r4pvslyqs8111.jpg,1527794812.0,58,0.94,34,CasualUK,RJWeaver
8nkwj1,Always thought Lorraine Kelly was up to something but this is shocking,,https://i.redd.it/7nr3g44jk8111.jpg,1527792025.0,342,0.98,13,CasualUK,JeffSergeant
8nkqcb,Lionel Richie politely nodding along to a Martin Lewis rant on credit card debts.,,https://i.redd.it/zlcoo0lsg8111.jpg,1527790757.0,148,0.99,23,CasualUK,SavageMurphy
8nkb0g,"I'm not sure Yorkshire understands the word ""secret""...",,https://i.redd.it/51kmejgq78111.jpg,1527787713.0,53,0.93,7,CasualUK,OrigamiPenguinCannon
8nka0t,Fuck the Wizard Of Oz Halifax advert!,"'There's no place like home' 

I absolutely hate this new trend in advertising. Lazily jumping on a beloved old film etc, just for the purposes of getting us to hand over our money to you. Stop pretend to be our old nostalgic friend, stop pretending to have a personality, and stop acting like little children! ",https://www.reddit.com/r/CasualUK/comments/8nka0t/fuck_the_wizard_of_oz_halifax_advert/,1527787509.0,95,0.99,24,CasualUK,DisconcertedLiberal
8nk9j6,The Trainline now caters for time-travellers,,https://i.redd.it/ws9qoooo68111.png,1527787408.0,138,0.95,17,CasualUK,Nath94
8nk1s3,"""I only popped out for a minute!""",[deleted],https://i.redd.it/49y110sa28111.png,1527785882.0,51,0.93,4,CasualUK,[deleted]
8njwt2,"Mr Postman, you've outdone yourself",,https://i.imgur.com/uTLFLpt.jpg,1527784842.0,92,0.99,18,CasualUK,butteredcrumpet
8nju1n,Definitely more concerning,,https://i.redd.it/5lmddlpix7111.jpg,1527784273.0,233,0.96,18,CasualUK,JakeBillo
8njp7u,"It's 13 years ago today that Brian Harvey of East 17 fame ran over himself with his own car, due to eating too many jacket potatoes",,https://i.redd.it/gzoxw3xiu7111.png,1527783266.0,314,0.98,45,CasualUK,omeletteintheinterim
8njj53,"Mods, get your CVs updated",,https://i.imgur.com/MhplVmz.jpg,1527782094.0,116,0.96,23,CasualUK,ruddymccock
8njcxy,Found a 10p worth ¬£45 today!,,https://i.redd.it/uu8icyw6n7111.jpg,1527780802.0,175,0.95,21,CasualUK,Sukibearx
8nj3g7,My neighbor's are getting more rain than the rest of us...,,https://i.redd.it/nv36zatfh7111.png,1527778868.0,84,0.93,15,CasualUK,HumdrumAnt
8nisj5,He was back in three...,,https://i.redd.it/0b2jcbx3a7111.jpg,1527776482.0,78,0.96,9,CasualUK,dronebox
8nis9s,Blackpool,,http://www.dougiewallace.com/blackpool/,1527776428.0,98,0.93,42,CasualUK,[deleted]
8nibww,The view out of my flat door this morning,,https://i.redd.it/x9rn4xwxy6111.jpg,1527772647.0,620,0.98,25,CasualUK,bxc215
8nia3l,Job Application in Yorkshire,,https://i.redd.it/7qdr49igx6111.jpg,1527772202.0,692,0.99,60,CasualUK,Chloe_Jayne
8nhgdh,Met Office posts thunderstorm warning. The express: HOLD MY BEER,,https://i.redd.it/z1cc3x1f96111.png,1527764078.0,739,0.98,108,CasualUK,[deleted]
8nhcvv,The contents of a whole packet of Monster Munch.,,https://i.redd.it/ee36hp7166111.jpg,1527762925.0,4476,0.95,345,CasualUK,digbyposh
8nh0iu,I think N.Ireland has the best shop name pun.,,https://imgur.com/a/aOh0xhV,1527758639.0,52,0.9,19,CasualUK,Bamboo_Steamer
8ngwim,"I believed that BBC detector vans were real, turns out the BBC made it up in the 50's.",,https://www.youtube.com/watch?v=Vv2ZqZmC7u0&amp;,1527757257.0,80,0.89,56,CasualUK,basiltab
8ngvzy,The people on the other side,"I used to run a pub in Surrey that was about 200 years old. Me and my wife used to live upstairs and work downstairs. One night a couple friends came to stay the night with there 3 year old daughter. Later that night we are drinking downstairs and their daughter was sleeping upstairs when she comes downstairs and says she can‚Äôt sleep because of the noise. We are a bit confused as the pub is closed and it‚Äôs just us downstairs. We take her back upstairs and put her back to sleep, about half an hour later she comes down and says that the noise has woken her up again. Me and her dad take her back upstairs and put her back in bed. I ask her were the noise is coming from as I can‚Äôt hear anything, she points to the old mirror as says the people on the other side keep coming through and waking her up. That scared the shit out of us, we took her downstairs. The mirror was an old huge mirror, we took it out and put it in the cellar. It was particularly weird due to the fact that the kid hardly ever spoke.",https://www.reddit.com/r/CasualUK/comments/8ngvzy/the_people_on_the_other_side/,1527757069.0,87,0.91,30,CasualUK,rosseepoo
8ngfsr,My new favourite shop name pun,,https://i.redd.it/7gf6ifjy65111.jpg,1527751142.0,319,0.95,54,CasualUK,vbloke
8ngf2u,Some Weakest Link contestants moaning about being voted off,,https://www.youtube.com/watch?v=iez_ReNHxCo,1527750923.0,760,0.98,82,CasualUK,DankMayMayMays
8nfebn,Had a little drink in garden last night. Put it down for a minute at the most and got a slimy surprise when I went for a sip. Its skin touched my lips.,,https://imgur.com/woIbzhh,1527741367.0,401,0.97,68,CasualUK,1966batmobile
8ndne4,"I passed my driving test today! I wore my Fitbit throughout, think I might have been a little stressed...",,https://i.redd.it/fpz4khm4v2111.jpg,1527726252.0,242,0.96,33,CasualUK,FisherKingAbdicates
8ncv1p,Doris_irl,,https://i.imgur.com/aoqYa6k.png,1527719183.0,208,0.96,2,CasualUK,LeapLemmings
8ncaqj,My local Primark is now selling Disney meme T-Shirts...,,https://i.redd.it/jidh6oap62111.jpg,1527714719.0,202,0.96,30,CasualUK,maxsnowie
8nc8zc,saw this in Tesco earlier today. Exotic name but I'm sure they're nice.,,https://i.redd.it/kdyrn42m52111.jpg,1527714359.0,67,0.92,4,CasualUK,[deleted]
8nc57y,Tesco now charge so much for shampoo that they have to security tag it,,https://i.redd.it/l0c55r6932111.jpg,1527713587.0,74,0.92,26,CasualUK,halfasleepchris
8nbxup,Classic Packham,,https://v.redd.it/egrq79ojy1111,1527712158.0,65,0.92,7,CasualUK,twixtwix
8nbw9h,Thank you to all the Firefighters.,"Got home yesterday and we faced a flooding situation.

Rushed down to Screwfix to buy pumps, but after another 3 hours of torrential rain I came to the realisation that we were pissing into the wind.

When the flood water was only 1ft from the house a Fire crew arrived and spread out along the road (rural Kent) and pumped with all their might..

Our house was saved, some neighbours were not so lucky, but without the crew last night we‚Äôd all have been fucked.

On what was a shit night for all involved, the crew were nothing but professional, and for that I thank them.

Finished up with my pumps at 4am being thankful for having averted disaster.

It was nice to see neighbours being neighbours and everyone mucking in to help where they could.

Despite what people say (the doom and gloom press) they are a lot of good people out there! 


",https://www.reddit.com/r/CasualUK/comments/8nbw9h/thank_you_to_all_the_firefighters/,1527711745.0,48,0.93,12,CasualUK,BCF13
8nbl5x,The risqu√© side of Netflix,,https://i.redd.it/cwb0zj56r1111.jpg,1527709496.0,1114,0.97,25,CasualUK,Big_Miss_Steak_
8nbehg,Coolest Bus Driver Prevents Pedestrian Accident,,https://v.redd.it/wnslbxiqg1111,1527708135.0,1511,0.99,103,CasualUK,damnital
8nb9jn,An imposter appeared in the office biscuit drawer today,,https://i.redd.it/wq0u31n0k1111.jpg,1527707115.0,82,0.93,40,CasualUK,GWhizKatlifa
8nb6wx,Reddit making a real difference in Newcastle: 4 months ago vs today,,https://i.redd.it/bkyowhohi1111.jpg,1527706580.0,78,0.96,11,CasualUK,ThePixelatedNerd-
8nb6lh,Who you gonna call?,,https://i.redd.it/gmyslg1ci1111.jpg,1527706525.0,249,0.93,12,CasualUK,DeadYen
8najko,Heads up: Ben &amp; Jerry‚Äôs 500ml Cookie Dough is ¬£1.75 üôåüèª,"In most co op stores. Was ¬£4.99, now ¬£1.75. Cheapest it‚Äôs ever been seen before is ¬£2.50. Bargain!",https://www.reddit.com/r/CasualUK/comments/8najko/heads_up_ben_jerrys_500ml_cookie_dough_is_175/,1527701872.0,141,0.94,46,CasualUK,[deleted]
8nahid,a wild jizz mag appears,[deleted],https://i.redd.it/di16j2ab31111.jpg,1527701474.0,94,0.91,41,CasualUK,[deleted]
8n9zdh,Buy one get one free (but pay double).,[deleted],https://i.redd.it/9krns00cs0111.jpg,1527697781.0,72,0.96,15,CasualUK,[deleted]
8n9zcf,Martial Arts,,https://imgur.com/YojhanO,1527697775.0,489,0.92,26,CasualUK,lackofemotions
8n9jj4,‚ÄúJust head over to Lancaster Gate mate‚Äù ü§î,,https://i.redd.it/z616w5wpi0111.jpg,1527694562.0,116,0.97,23,CasualUK,b45t4rd_b1tch
8n952n,Probably going to be a pound shop.,,https://imgur.com/qk4RwaE,1527691496.0,70,1.0,31,CasualUK,DevilmouseUK
8n93c1,Glitch in the Matrix,,https://i.redd.it/21pwllre80111.jpg,1527691101.0,152,0.93,23,CasualUK,jackincaves
8n8ooj,The only thing I was thinking of during the lightning storm recently,,https://i.redd.it/yfhaze92zz011.jpg,1527687936.0,65,0.96,30,CasualUK,ReachyMcreacherson
8n8ohh,Really? ¬£5.50 for a fish finger sandwich??,,https://i.redd.it/x80udprlyz011.jpg,1527687890.0,83,0.94,54,CasualUK,OscarElNana
8n8ktd,"Postman Pat, Postman Pat and his road rage problems",,https://i.redd.it/j8e1c2j5wz011.png,1527687007.0,83,0.98,11,CasualUK,jackHD
8n82yz,"Oh crap, does this mean I'm a grown up?",,https://imgur.com/04tThtu,1527682514.0,178,0.97,96,CasualUK,biobasher
8n7zi2,I guess it‚Äôs a slow news day,[deleted],https://i.redd.it/4efzk159gz011.jpg,1527681613.0,93,0.97,1,CasualUK,[deleted]
8n7ud7,Office guy complained it cost him ¬£8 for his prescription medicine. He had no issues spending a tenner on a fancy G&amp;T last Friday night.,,https://www.reddit.com/r/CasualUK/comments/8n7ud7/office_guy_complained_it_cost_him_8_for_his/,1527680109.0,96,0.89,54,CasualUK,StarWarsStarTrek
8n7swr,Greggs Tricked Food Snobs into Thinking it Was a Fancy Deli,,http://www.gizmodo.co.uk/2018/05/greggs-tricked-food-snobs-into-thinking-it-was-a-fancy-deli/,1527679677.0,152,0.95,131,CasualUK,funkyjim
8n7md3,"Ah, yes. Strings are the best bit of the sausage roll.",,https://i.redd.it/umpuaumo4z011.jpg,1527677722.0,53,0.97,13,CasualUK,iwannaholdyour-ham
8n7e06,Road Accidents in Britain (2010),[deleted],https://i.redd.it/sf10aawirx011.png,1527674844.0,63,0.97,14,CasualUK,[deleted]
8n74a9,I've recently had a cochlear implant...,"I don't know how you all deal with listening to those birds all fucking day.

Doing my head in. 

Don't get me wrong, hearing them for the first time was rather nice (except seagulls, they can fuck off), but it is incessant.

I guess I‚Äôm lucky I can take the bloody thing off and delve into some silence occasionally. &gt;_&gt;",https://www.reddit.com/r/CasualUK/comments/8n74a9/ive_recently_had_a_cochlear_implant/,1527671546.0,234,0.98,67,CasualUK,OdaNova
8n6lwe,Don't mess with my Gregory and Gregory!,,https://imgur.com/OTvYjzz,1527664631.0,84,0.92,18,CasualUK,PM_ME_YOUR_ZITS_G1RL
8n3cdq,Surprised friend wasn't stopped at customs.,,https://i.imgur.com/6muVwUi.jpg,1527632879.0,138,0.99,28,CasualUK,Not_invented-Here
8n303q,Mr. Scruff explains GDPR,,https://i.redd.it/qeehoe4f7v011.jpg,1527630214.0,77,0.94,10,CasualUK,Crabcaked
8n2yfa,Ambiguous signage at our local petting farm,,https://i.redd.it/jjb5kiub6v011.jpg,1527629851.0,69,0.98,8,CasualUK,stinacri
8n262q,Meanwhile in County Durham...,,https://streamable.com/sd56v,1527623984.0,149,0.95,102,CasualUK,FormidableFish
8n249j,"The ""Isn't Wales Lovely boyo"" image thread.","Please post your images of Wales in this thread until you or we get bored of them.

Yakky fucking Dar or whatever.",https://www.reddit.com/r/CasualUK/comments/8n249j/the_isnt_wales_lovely_boyo_image_thread/,1527623625.0,65,0.92,32,CasualUK,HPB
8n22f9,Unfortunate post placement,,https://i.redd.it/kr6yiffrmu011.png,1527623273.0,160,0.98,7,CasualUK,sf318
8n1tdu,"""A thing I made, when I was surprised it didn't exist - Partridgeopoly""",[deleted],https://i.redd.it/6m96z2eoczz01.png,1527621445.0,61,0.96,14,CasualUK,[deleted]
8n1lah,Someone left me an orange elephant on the train today,,https://i.redd.it/kvp0irlacu011.jpg,1527619752.0,130,0.99,22,CasualUK,millsytime
8n1kga,Wales is alright I suppose,,https://i.redd.it/2toslohnbu011.jpg,1527619576.0,114,0.96,7,CasualUK,liamsmithuk
8n1dnd,Fairy liquid is called ‚Äúyes‚Äù in Sweden - lol,,https://i.redd.it/p0rpkr3o7u011.jpg,1527618191.0,167,0.99,34,CasualUK,ManLikeMudz
8n16om,How delightfully British.,,https://i.redd.it/3q3wrh3f3u011.png,1527616770.0,10857,0.93,234,CasualUK,FluffyPinata_
8n1000,Old Trafford is so beautiful this time of year,,https://i.redd.it/rz0g3ql9zt011.jpg,1527615392.0,210,0.97,15,CasualUK,idlewildgirl
8n0zr4,"It's half six, I only have one more drop on my delivery route, it's only a mile away, it's not until 9pm, I can't go early, I'm getting paid to sit in a lay-by for two and a half hours. Not too shabby.",[deleted],https://www.reddit.com/r/CasualUK/comments/8n0zr4/its_half_six_i_only_have_one_more_drop_on_my/,1527615346.0,79,0.92,37,CasualUK,[deleted]
8n0e6h,"Seeing all the Welsh pics, had to post my sun rise from Snowdon the other week.",,https://i.redd.it/9puhp5hvlt011.jpg,1527610867.0,151,0.99,9,CasualUK,Millylock
8mz923,The mug to end all mugs,,https://i.redd.it/e5it2gd9vs011.jpg,1527601909.0,1101,0.97,52,CasualUK,DeadYen
8mz81t,bit aggressive from B&amp;M,,https://i.redd.it/flahs3ojus011.jpg,1527601671.0,79,0.95,9,CasualUK,thearguablepear
8mz32s,It may be a bit posh and pricey but respect to Pret - they're about to give a 1k bonus to ALL staff,,https://www.theguardian.com/business/2018/may/29/pret-a-manger-sold-jab-holdings-krispy-kreme-sandwich-shop,1527600473.0,52,0.89,27,CasualUK,PM_YOUR_BELLYBUTT0N
8mz0yg,Whenever I get one of these messages through it makes me want a reboot of Fonejacker.,,https://i.redd.it/qubz59lfps011.png,1527599957.0,72,0.92,30,CasualUK,Jakesrs3
8myb4k,The Hoff gets everywhere!,,https://i.redd.it/8jxh3yvz3s011.jpg,1527592749.0,59,0.94,13,CasualUK,Ultra_running_fan
8my4fg,Walkers crisps bag from 1988,,https://imgur.com/a/fNSJGSW,1527590627.0,106,0.94,62,CasualUK,thetoastmonster
8my14j,Wales is alright!,,https://imgur.com/tYTkkr7,1527589553.0,211,0.95,33,CasualUK,FromFrankie
8my0rf,My sons so British he even sleeps with little finger out,,https://i.redd.it/e4nxep04ur011.jpg,1527589433.0,162,0.86,17,CasualUK,[deleted]
8mxzib,What are the chances of running into a gaggle of nuns with a four foot inflatable cock,,https://i.redd.it/syel4wzv9o011.jpg,1527589017.0,861,0.96,78,CasualUK,photoben
8mxxk8,Network rail are really upping their station amenities game,,https://imgur.com/a/rtu9dQ9,1527588401.0,59,0.96,4,CasualUK,GrowleyTheBear
8mxsei,TfL's example station names are pretty great i guess.,,https://i.redd.it/wqyv0nghir011.png,1527586585.0,317,0.98,63,CasualUK,heliorm
8mxr3m,Plasterers came in early this morning and asked for a coffee because they‚Äôre really tired,Haven‚Äôt got the heart to tell them it‚Äôs decaf.,https://www.reddit.com/r/CasualUK/comments/8mxr3m/plasterers_came_in_early_this_morning_and_asked/,1527586138.0,127,0.95,35,CasualUK,gregsmith93
8mxqe1,Thousands have signed a petition to bring back Turkey Twizzlers,,https://metro.co.uk/2018/05/29/thousands-signed-petition-bring-back-turkey-twizzlers-7585890/,1527585860.0,113,0.93,80,CasualUK,lolpard
8mxopa,Eat Da Rich,,https://i.redd.it/co1fj7gphr011.jpg,1527585256.0,86,0.94,16,CasualUK,spudgun81
8mxgn4,9 minutes and I know the gas man‚Äôs life story.,"The gas man has been here for 9 minutes and I already know he was married to Louise, who left him for one of their wedding guests, but not the vicar who was a woman, he has a little boy, he was going out with a girl called Debra who he met at an office party, she was on Blind Date, and I‚Äôve now seen her in her underwear. She was in some big court case which is why she broke it off with him, but now she‚Äôs over that she‚Äôll talk to him but doesn‚Äôt want to pick things up again. She lives in Preston. Another girl who was a friend of a friend moved near him and she started knocking round his, and he shagged her, and he‚Äôs dreading his ex finding out. His mum puts it down to boys being boys. Oh and he‚Äôs 45.

9 minutes. 9 MINUTES. All I did was offer him tea!",https://www.reddit.com/r/CasualUK/comments/8mxgn4/9_minutes_and_i_know_the_gas_mans_life_story/,1527582161.0,394,0.98,71,CasualUK,Adcro
8mxfpw,Thank god it has cooled down,"I was starting to think we actually live in a warm country. I‚Äôm glad we‚Äôve been dosed with a huge drop of reality and it‚Äôs grey outside. 


It‚Äôs been hot for more or less two weeks now. I think most of the population were dreaming of a better, warmer life. But deep down I was sad and secretly hoping/wishing for rain and a dramatic drop in temperature. I‚Äôm not sure if there‚Äôs many more like me out there but I‚Äôm so glad the clouds have come and there‚Äôs a breeze. 



Edit: I am obviously just commentating on the weather in my area. It might obviously still be 28 where you are. I don‚Äôt know that 

Another edit: this was half tongue in cheek, half serious. I struggle in the heat because of excessive sweating - understand when it‚Äôs cooler I enjoy it ",https://www.reddit.com/r/CasualUK/comments/8mxfpw/thank_god_it_has_cooled_down/,1527581788.0,132,0.92,70,CasualUK,[deleted]
8mxcin,Looking forward to follow up story.... Bewildering lights now seen just before sky quake!,,https://i.redd.it/inwdfsnv3r011.png,1527580594.0,458,0.98,35,CasualUK,iain127
8mxbnt,"Mum text me over the weekend saying ""I think I'll regret going to the beach""...",,https://i.redd.it/kk1hmqyq2r011.jpg,1527580255.0,208,0.99,11,CasualUK,rhyswynne
8mwte2,PÃ∑ÃìÃõÃçÃ¨ÃßEÃ∑ÕùÕêÕÜÃ¶ÕñPÃ¥ÃÇÃéÃëÃºÃºPÃ∂ÕåÃóÃ±AÃ¥ÕÜÃÜÃÖÃòÕïÕñ ÃµÕÉÃìÃ™PÃµÃõÃ™ÃØIÃ¥ÕÑÕùÃÉÃ™ÃñÃ°GÃ¥ÕãÃéÃâÃñ,,https://imgur.com/yNd6LFj,1527574079.0,324,0.94,25,CasualUK,naughty_yorick
8muthn,"Sweet Recognition: I still love these fellows, fite me.",,https://i.redd.it/n3jgbd1lxo011.jpg,1527554272.0,194,0.93,21,CasualUK,StopHavingAnOpinion
8mucv5,My cat got put down today. She was called Dave. RIP Dave The Cat‚ù§Ô∏è,,https://i.redd.it/ks3qllxrko011.jpg,1527549961.0,2491,0.96,330,CasualUK,[deleted]
8mu221,She's Back!,[deleted],https://i.redd.it/e1yab87dfk011.jpg,1527547288.0,64,0.88,5,CasualUK,[deleted]
8mtx44,This made me chuckle,[deleted],https://i.redd.it/i6pcqfh89o011.png,1527546102.0,147,0.98,6,CasualUK,[deleted]
8mtp0s,Some inspiring graffiti near my house,,https://i.redd.it/a21t3t9j3o011.jpg,1527544168.0,82,0.98,9,CasualUK,Aaronw94
8mtmhb,"65"" Flatscreen, restrained by stereo cables, about to get on the M6.",,https://i.redd.it/uj9l36cs1o011.jpg,1527543572.0,217,0.99,59,CasualUK,Cryptoprocta42
8mtge1,A mate posted this post stag-do picture from the airport. Thought you guys would appreciate it.,,https://i.redd.it/ipennomgxn011.png,1527542162.0,438,0.98,31,CasualUK,[deleted]
8mtdbd,You want some ice cream?,,https://i.imgur.com/xkTERT3.jpg,1527541445.0,192,0.98,27,CasualUK,DarkStryder360
8mt893,Steamy road at Bognor Regis after the thunderstorm,,https://i.redd.it/oumunm7nrn011.jpg,1527540265.0,57,0.92,5,CasualUK,yavinmoon
8mt1nm,"Birmingham, ladies and gents",,https://i.redd.it/beugr2ol4m011.jpg,1527538724.0,132,0.97,16,CasualUK,thearguablepear
8msxq2,I need to know more Rob...,,https://i.redd.it/9wdpgvfpkn011.jpg,1527537854.0,56,0.95,7,CasualUK,seriously_this
8msnt4,My view at the cheese rolling. Grate day out.,,https://v.redd.it/iz0amo2tdn011,1527535602.0,115,0.98,21,CasualUK,CoffeeWizard1
8ms8mf,A lovely afternoon in the pub,,https://v.redd.it/yjul46nt3n011,1527532241.0,55,0.97,16,CasualUK,halfrubbish
8ms8fh,Nice pun from the BBC article on cheese rolling,,https://i.redd.it/ecodou7p3n011.jpg,1527532109.0,358,0.96,6,CasualUK,[deleted]
8mrxb3,"Free The Nipple march, Brighton 2017. Sorry for the poor quality.",,https://i.redd.it/qibbqpbdwm011.jpg,1527529641.0,69,0.93,7,CasualUK,NexusGirl
8mrnoi,Walker's French Frys - then and now. A review of 9 year old crisps,"A couple of weeks ago u/dokky found a load of Walkers French Fries that were [nearly 9 years out of date](https://www.reddit.com/r/CasualUK/comments/8ju3dd/found_half_a_box_of_these_anyone_hungry/), I asked for a pack and he delivered!

So I bought some modern ones and did a comparison. Unfortunately I could only find them in a multipack so have a smaller pack than individually sold ones \(multipack 18g vs 21g for a modern individual pack vs 22g for the old individual pack\).

[Front of pack](https://i.imgur.com/0bEgLhY.jpg)

[Back of pack](https://i.imgur.com/6OKSQo2.jpg?1)

[Crisp comparison](https://i.imgur.com/E6o5LEf.jpg)

**Packaging**

The packaging has been given a revamp, with a new font that looks more like the contents. The new packaging has no mention of Sunseed oil, so I guess Walkers have dumped the branded oil though continue to use sunflower oil. The older one looks to have been following a relatively recent reformulation as it talks about having 45&amp;#37; less salt \(than in 2005\) and 80&amp;#37; less saturated fat \(than in 2006\).

The packaging overall looks less cluttered on the new one, the health focus is less on the saturated fat content and more on having only 79 calories a bag and no artificial colours. The newer packaging also includes allergy advice which is missing on the 2009 version.

The newer bag has been printed at a higher resolution.

**Nutrition**

The new version apparently has more calories \(438 vs 430 per 100g\), however the gram amounts of the contents remain the same \(except salt, which has been reduced from 2.34 to 2.30g per 100g\). Ingredients more or less the same, though wheat flour and malic acid have been dropped from the flavouring recipe.

**Taste**

It will come as no surprise that crisps nearly 9 years past their best before date are past their best. They appear to be edible, you could eat them in a zombie apocalypse but they aren't good. There is no longer really a salt and vinegar flavour just a faint flavour of something not good and they have gone stale. The modern version taste as I remember them tasting in 1997.

Overall I recommend buying a new packet rather than eating ones nearly a decade past their best before date, even though they have 8 more calories per 100g. However, they are also virtually impossible to find not in a mixed flavour multi\-pack so unfortunately those of us who loathe cheese and onion will continue to miss out.

Edit: removed a word to make a sentence make sense.",https://www.reddit.com/r/CasualUK/comments/8mrnoi/walkers_french_frys_then_and_now_a_review_of_9/,1527527479.0,370,0.99,41,CasualUK,Jaqosaurus
8mrfts,"Hi, I wonder if you can help me, I‚Äôm looking for a good book about...",,https://i.redd.it/q15uaixukm011.jpg,1527525797.0,166,0.96,10,CasualUK,KyraMich
8mr8jp,"""White chocolate flavoured candy"" - well that can fuck off",,https://i.imgur.com/y6QBYUD.jpg,1527524199.0,80,0.94,17,CasualUK,ahrimaniac
8mr4gm,This creepy git in Asda car park,,https://i.redd.it/sqb4stsfdm011.jpg,1527523306.0,212,0.97,36,CasualUK,[deleted]
8mqtcl,Oxford flaunting it‚Äôs elitism,,https://i.redd.it/ptp9ayd06m011.jpg,1527520779.0,3959,0.98,122,CasualUK,ACrunchyPlum
8mqm5q,Experience: vaping or e-cigarette: 1 year,,https://i.redd.it/aefng3pw0m011.png,1527519087.0,56,0.97,29,CasualUK,pyro3366
8mqibq,"The atmosphere at Cheese Rolling today was fantastic, anyone else go?",,https://i.redd.it/j1q7hmysxl011.jpg,1527518185.0,188,0.98,28,CasualUK,datafreak
8mpwqn,Found this in the washing machine. So glad Liz went plastic,,https://i.redd.it/sleyghm0il011.jpg,1527512712.0,643,0.98,33,CasualUK,shl00399
8mppjo,I'm begging of you please don't take my man,,https://i.redd.it/jjexoajnbl011.jpg,1527510607.0,710,0.97,32,CasualUK,QuantumPenguin
8mppav,My mate is under attack from his radge as fuck neighbours and their 11 year-old's tunes.,,https://v.redd.it/z560yhj1bl011,1527510545.0,119,0.95,41,CasualUK,margaerytyrellscleav
8mpkzd,Jaffa Cake horror or genius?,,https://i.redd.it/x8sm9vvn7l011.jpg,1527509227.0,70,0.95,16,CasualUK,BloodAndSand44
8mpiez,No.,,https://i.redd.it/zyji83qc5l011.jpg,1527508450.0,282,0.96,59,CasualUK,pyro3366
8mpebg,My newly acquired moat was overflowing yesterday.,,https://i.redd.it/dqcjbjz91l011.jpg,1527507084.0,113,0.98,38,CasualUK,X573ngy
8mpbog,Someone has made a fake easyJet customer support Twitter and it's hilarious,,https://search.app.goo.gl/5xEWH,1527506205.0,61,0.77,18,CasualUK,[deleted]
8mpas6,Coming soon to Netflix. Evil Genius UK Edition: The Most Diabolical Heist in British History.,,https://i.redd.it/b2eepgksxk011.jpg,1527505907.0,94,0.98,5,CasualUK,awksturtle
8mpaf9,Nice place for a picnic,,https://v.redd.it/izcehpkaxk011,1527505793.0,116,0.98,18,CasualUK,DeadYen
8mp3t7,Photo of my hometown last year with my drone.,,https://i.redd.it/88xcxnxhqk011.jpg,1527503484.0,56,0.94,11,CasualUK,british_grapher
8mobjd,Inventive Twig Usage,,https://i.redd.it/wt6nawmhuj011.jpg,1527492726.0,209,0.93,20,CasualUK,BlackShuckChuck
8mnzwz,Better Watch Out,,https://i.redd.it/hqdzk4xhij011.jpg,1527488655.0,13656,0.96,290,CasualUK,-TheoWest-
8mnj9z,UK lightning getting out of hand,,https://i.redd.it/8dhtfu161j011.jpg,1527483206.0,1808,0.98,55,CasualUK,Curry--Muncher
8mlxrd,WH Smith voted worst High Street shop,,http://www.bbc.co.uk/news/business-44274654,1527466399.0,95,0.94,57,CasualUK,[deleted]
8mlnri,Chris Evans post Top Gear,,https://i.redd.it/f8h3y0l28g011.jpg,1527463685.0,89,0.93,8,CasualUK,[deleted]
8mlndg,I hate America sometimes.,,https://i.redd.it/vu5b56owfh011.jpg,1527463574.0,69,0.96,15,CasualUK,SquirtleChimchar
8mlcn7,Now That's What I Call Music! (UK edition) has reached its 100th edition.,,https://i.redd.it/1ohq6vsw6h011.jpg,1527460682.0,177,0.97,49,CasualUK,[deleted]
8mkx54,Disgrace in liverpool,,https://v.redd.it/w450zbvgvg011,1527456748.0,65,0.92,43,CasualUK,D1rtymaca1
8mkv5p,"Visited the ruins of a monastery the other day (as one does in the UK). I can only pressume it was open as it wasn't long after lunchtime and wasn't quite teatime, although it was a Sunday so who knows?",,https://imgur.com/dQ0PHjb,1527456208.0,144,0.97,8,CasualUK,Wattson_and_Ohms
8mkqlv,A spectacular light show in Hertfordshire. Been like this for at least an hour. No noise or rain though...,[deleted],https://v.redd.it/xsts2z6hqg011,1527455156.0,52,0.94,9,CasualUK,[deleted]
8mkerq,Bob Mortimer makes a shocking Bovril revelation,,https://i.imgur.com/qPeX43f.png,1527452164.0,78,0.96,26,CasualUK,BetaDecay121
8mjviq,Ive officially completed tesco yellow label- ¬£1.40 for all this,,https://i.redd.it/t3asswyv3g011.jpg,1527447425.0,492,0.97,88,CasualUK,Jonhinchliffe10
8mjkre,When you get one of these in your lunch box. You know its gonna be a crackin day,[deleted],https://i.redd.it/q1nevh83wf011.jpg,1527444802.0,443,0.95,54,CasualUK,[deleted]
8milx3,nice one iplayer,,https://i.redd.it/idhc1div6f011.jpg,1527436319.0,171,0.96,6,CasualUK,mikeyp1999
8mijwp,You are about to witness the strength of street knowledge,,https://i.redd.it/yp9gl4ha5f011.jpg,1527435786.0,5491,0.97,226,CasualUK,shibling__
8mhuim,BBC: Man rescued from child's swing,,http://www.bbc.co.uk/news/uk-england-suffolk-44223220,1527428965.0,57,0.95,14,CasualUK,jonnycrowe
8mhd8g,"With the storms coming later today, I thought I'd cut the lawn. Fuck me right?",,https://i.redd.it/ttdfxzyi3e011.jpg,1527423118.0,115,0.95,33,CasualUK,Vorsa
8mh6c5,Paint me like one of your french girls!,,https://i.redd.it/stkmqsiivd011.jpg,1527420413.0,241,0.95,6,CasualUK,X573ngy
8mgyqy,Planet Earth II Will be on Netflix from the 11th of June.,"If like me you didn't get a chance to watch it when it was on, it's coming. And in theory, it'll all be in 4K, possibly in HDR too if the iPlayer trial footage was taken from the main footage.",https://www.reddit.com/r/CasualUK/comments/8mgyqy/planet_earth_ii_will_be_on_netflix_from_the_11th/,1527417074.0,129,0.97,15,CasualUK,butler1233
8mgug2,"From everybody who's going to be serving you this bank holiday weekend, don't be a twat.",,https://www.reddit.com/r/CasualUK/comments/8mgug2/from_everybody_whos_going_to_be_serving_you_this/,1527415172.0,318,0.93,53,CasualUK,MCblumperz
8mgo6y,Delighted to be reunited with the best motor vehicle in the UK...,,https://imgur.com/wH8SMPJ,1527412120.0,188,0.93,16,CasualUK,_rickjames
8mgnvx,Good allocation of NHS resources...,,https://i.redd.it/bqp0u33j6d011.jpg,1527411992.0,509,0.98,19,CasualUK,I-Teach-Science
8mghz9,Well there goes the chance of a bank holiday BBQ.,,https://i.redd.it/cgxcn1psxc011.jpg,1527409052.0,626,0.99,66,CasualUK,AlmostAndrew
8mgd6n,Let‚Äôs ride!,,https://i.redd.it/0te0m5y1rc011.jpg,1527406800.0,54,0.84,19,CasualUK,RainbowCloud5
8mgba6,Rib 'n' Saucy are the best flavour of Niknaks,"I personally don't see what all the fuss is about with Nice 'n' Spicy and obviously Scampi 'n' Lemon just smell of wee. Discuss.

EDIT; didn't realise quite how divisive this topic was - team rib n saucy forever",https://www.reddit.com/r/CasualUK/comments/8mgba6/rib_n_saucy_are_the_best_flavour_of_niknaks/,1527405932.0,420,0.89,127,CasualUK,lesleyshoebutter
8mg6x4,Anybody else hate it when full play areas are in sand? What‚Äôs wrong with bark? Bark wouldn‚Äôt get In everybody‚Äôs shoes and all over my car!,,https://i.imgur.com/ujihygE.jpg,1527404038.0,3650,0.94,263,CasualUK,9DAN2
8mf9x1,My view of the weather at work! (Slowed to 1/8),,https://v.redd.it/03b4cj0phb011,1527391598.0,123,0.98,7,CasualUK,EdenisGod
8meaw6,Just your average morning in the tube,[deleted],https://i.redd.it/nlfd0vzala011.jpg,1527380651.0,280,0.97,33,CasualUK,[deleted]
8me2g6,Trying to capture the lightning,,https://i.redd.it/plg25oj3ea011.jpg,1527378242.0,234,0.98,6,CasualUK,[deleted]
8mdtfk,Making fly tippers pick their crap up,,https://youtu.be/ZSrMMWxZ2iU,1527375705.0,143,0.99,19,CasualUK,Shnoochieboochies
8mdof1,Del Boy scarecrow spotted in the quaint town of Lacock,,https://i.imgur.com/bkHRAI8.jpg,1527374376.0,53,0.97,4,CasualUK,DarkStryder360
8mdkr6,Bit stormy in Croydon,,https://i.imgur.com/03xR0u1.jpg,1527373422.0,151,0.95,10,CasualUK,hutchipoos
8mdi5z,Some weather we‚Äôre having... lights up the garden like daytime,,https://i.redd.it/556ifpdux9011.jpg,1527372748.0,193,0.98,25,CasualUK,v_smalls
8mdhy7,Organic lemons are more expensive because they come with their very own penicillin culture,[deleted],https://i.redd.it/2u3ypzm9x9011.jpg,1527372688.0,56,0.89,3,CasualUK,[deleted]
8mdcpe,Pigeon walked into a shop,,https://v.redd.it/w9dmnosdt9011,1527371278.0,73,0.97,13,CasualUK,hkay96
8mc9xl,Created a fake grave in our potato patch to vex the neighbours who complain about our dandelions,,https://i.imgur.com/Om1nDay.jpg,1527361313.0,598,0.97,28,CasualUK,ahrimaniac
8mc8gj,No amount of me gives a shit either.,,https://i.redd.it/4auaz1rqy8011.jpg,1527360943.0,361,0.97,46,CasualUK,DeadYen
8mc5bg,"Spotted on the Piccadilly line, give this man a medal",,https://i.redd.it/rg2cn7abw8011.jpg,1527360127.0,185,0.97,11,CasualUK,ZeligD
8marw3,When it's hot but it's also Comic-Con,,https://i.redd.it/v1w8s9u3v7011.jpg,1527347628.0,55,0.96,4,CasualUK,TheInspecta
8mamx1,Strange things are happening at Sainsbury's.,,https://i.redd.it/rt3givbbr7011.jpg,1527346339.0,278,0.97,42,CasualUK,LinusDrugTrips
8mabjx,Cambridge Beer Festival - I love you,,https://i.redd.it/m6joo6n0i7011.jpg,1527343219.0,176,0.96,37,CasualUK,EarlOfBronze
8maa07,A little stitch of mine.,,https://i.redd.it/bcgyokfog7011.jpg,1527342768.0,237,0.98,27,CasualUK,rosie-roo
8m9zv6,BBC revealing some little know facts!,[deleted],https://i.redd.it/iiic585c77011.jpg,1527339619.0,225,0.99,16,CasualUK,[deleted]
8m9wzi,Iv spent years trying convince my wife why the locals call this elephant rock. Please tell me some of you people see it.,,https://i.imgur.com/fawOZH9.jpg,1527338616.0,53,0.89,43,CasualUK,9DAN2
8m9w6y,Very.co.uk - More like VERYSHIT.co.uk,[deleted],https://www.reddit.com/r/CasualUK/comments/8m9w6y/verycouk_more_like_veryshitcouk/,1527338354.0,57,0.97,31,CasualUK,[deleted]
8m9uj3,This must be why Darth Vader never visits the UK...,,https://i.redd.it/ppkm36vv17011.jpg,1527337787.0,105,0.96,16,CasualUK,riccyb0y
8m9u53,Happy Bank Holliday to me,,https://i.imgur.com/Cl6RARz.jpg,1527337643.0,116,0.95,27,CasualUK,boogie_boots
8m9qsb,This new shirt at Primark is all the rage,[deleted],https://i.redd.it/0mcki2hvx6011.jpg,1527336461.0,78,0.97,6,CasualUK,[deleted]
8m9qbl,Photos you can hear,,https://i.redd.it/v6dlmcbhx6011.jpg,1527336305.0,177,0.92,21,CasualUK,dannytodd22
8m9m80,"Na mate, they're pigeons",,https://i.redd.it/n9o8zbkys6011.jpg,1527334788.0,142,0.98,9,CasualUK,ac13332
8m9jn8,Skip to 2:17 and see how many attempts at a British accent you can stand,,https://youtu.be/RRXFoy5LIq4,1527333804.0,56,0.96,34,CasualUK,kumquat_may
8m9j88,How are year 11s doing? Any luck on remembering 15 romantic poems?,,https://i.redd.it/zvc2gx5mp6011.png,1527333659.0,448,0.93,88,CasualUK,TGA101
8m9gnn,Local newspaper with the hard hitting stories,,https://i.redd.it/m7xwp5krm6011.jpg,1527332702.0,96,0.97,16,CasualUK,big_swinging_dicks
8m9baj,I did it.,,https://imgur.com/fwmJUmN,1527330514.0,73,0.91,33,CasualUK,amirtaghan
8m936s,"A friend gifted me a week‚Äôs worth of HelloFresh grub. Bloody amazing (and incredibly kind), but boy is that stuff expensive if you want to do it regularly. Here‚Äôs a super-poor person‚Äôs experience of a few days of sheer luxury (well, probably bloody three weeks worth).",[deleted],https://www.reddit.com/r/CasualUK/comments/8m936s/a_friend_gifted_me_a_weeks_worth_of_hellofresh/,1527327160.0,74,0.88,38,CasualUK,[deleted]
8m92an,Its 10 am on the train to london and some people are already half way through a six paxk,God save are queen ,https://www.reddit.com/r/CasualUK/comments/8m92an/its_10_am_on_the_train_to_london_and_some_people/,1527326779.0,83,0.95,25,CasualUK,Chilldude1255
8m90fe,"Grounded Swifts are common this time of the year, they may look hurt, but they just need help getting airborne again.",[deleted],https://i.redd.it/9yribf8n26011.jpg,1527326023.0,854,0.99,44,CasualUK,[deleted]
8m8xhx,Someone help a Northerner out.,,https://i.redd.it/ug5bu1unz5011.png,1527324934.0,628,0.97,22,CasualUK,iwannaholdyour-ham
8m8lie,Did we all have one of these drawers now? Or is it just me?,,https://i.redd.it/4xwvgwhzk5011.jpg,1527320015.0,406,0.94,68,CasualUK,aquafocus
8m8kru,Calling all gamers and insomniacs!,"At 8am today my husband and his friend started a 24 hour gaming marathon in aid of The Brain Tumour Charity. 

Their play list includes:

A Way Out
 
WWE 2k18
 
UFC 3 

GTA San Andreas 

Fifa 18

Wipeout

If playing PS4 games or watching two friends chat shit for 24 hours are your thing you can tune into their Twitch channel at twitch.tv/ventis_86. 

Other 'fun' things happening during the 24 hours include watching some sort of football match while they play, me feeding them quiz questions (including the newly discovered, excellent pub quiz posted on this sub), a dominos pizza dinner and the possibility of two cats strolling in and out of view.

My husband picked The Brain Tumour Charity to support as my mum died from a brain tumour in July 2016, 15 months after she was diagnosed. There's a lot I could tell you about how awful brain tumours are, and how underfunded the research into them has been. Just 19% of adults diagnosed with a brain tumour will be alive 5 years after diagnosis - and that is regardless of whether the tumour is cancerous or not. 

So, please consider tuning in and sending them a message of support - especially if you're up in the middle of the night. Have a fab weekend casualuk-ers!

EDIT:

Wow! Thank you so much for your support with the marathon - watching the stream, taking part in the chat and even donating. The guys are truly touched at the overwhelming support. 11 and a half hours to go! ",https://www.reddit.com/r/CasualUK/comments/8m8kru/calling_all_gamers_and_insomniacs/,1527319756.0,168,0.95,33,CasualUK,canihaveasquash
8m8ii2,Important Bank Holiday ‚Äòprojects‚Äô. Mine is defrosting the beer fridge. VERY important. Anyone else got any jobs that you plan to tackle this weekend?,,https://i.redd.it/ygvat5vqh5011.jpg,1527318920.0,222,0.97,190,CasualUK,Old-Blighty
8m627q,I love the U.K.,,https://i.imgur.com/ix277nM.gifv,1527290692.0,2906,0.99,53,CasualUK,winterchillz
8m5mss,I made sure my new tablet is extra secure,[deleted],https://i.imgur.com/IHWHrxh.jpg,1527286803.0,71,0.93,8,CasualUK,[deleted]
8m5kxj,You never know what seagulls are up to,,http://falseknees.com/imgs/319.png,1527286332.0,162,0.94,10,CasualUK,fireball_73
8m4cwy,"When I was a teenager, I used to mock my parents","Mainly for going to bed by 10pm, now it's 8:17pm and I'm struggling to stay awake, sorry mum and dad, I understand now.",https://www.reddit.com/r/CasualUK/comments/8m4cwy/when_i_was_a_teenager_i_used_to_mock_my_parents/,1527275802.0,67,0.97,16,CasualUK,mazdanc
8m47zk,A day away to Bristol and see this...,,https://i.redd.it/2xo0bw9au1011.jpg,1527274698.0,113,0.97,7,CasualUK,peacenfunk
8m3vuh,Arranging your hotel toiletries into a devastating 3-4-3 formation,,https://i.redd.it/mo8o1fm3m1011.jpg,1527271948.0,135,0.94,20,CasualUK,0mniview
8m3smr,BELLY'S GONNA GET YA,,https://www.youtube.com/watch?v=wHlvKQwZFSI,1527271244.0,52,0.95,8,CasualUK,[deleted]
8m3obg,Don't think I bloody could if I tried,,https://i.redd.it/fyqencg7h1011.jpg,1527270299.0,76,0.97,10,CasualUK,stinacri
8m3jpl,This charity shop down in Borehamwood has a confederate flag in the window,[deleted],https://i.redd.it/d9nr9p76e1011.jpg,1527269302.0,66,0.94,10,CasualUK,[deleted]
8m2u58,The sun has been out all day. It‚Äôs 21 degrees. I‚Äôm in Scotland. Is this the end of the world?,,https://i.redd.it/4lqheuxqx0011.jpg,1527263792.0,108,0.95,18,CasualUK,Pimpquisitor
8m28zk,It would appear Noo Noo has fallen upon harder times in recent years,,https://i.redd.it/t8ykq8y1k0011.jpg,1527259165.0,249,0.98,13,CasualUK,tomdaledge
8m241j,I feel like the self scan checkouts are designed to be slightly infuriating.,,https://i.redd.it/p42kfqaog0011.jpg,1527258024.0,52,0.94,12,CasualUK,Rosstifer25
8m1xbg,Rent A Gimp,[deleted],https://i.redd.it/svl56mzzb0011.jpg,1527256493.0,413,0.98,22,CasualUK,[deleted]
8m1sr4,Pff. Single Decker more like!,,https://i.redd.it/5158p56w80011.jpg,1527255395.0,194,0.96,45,CasualUK,PickleHarry
8m1pxv,When you get a complete arse of a courier trying to deliver,"Had a call at our firm‚Äôs delivery gate, which was strange since there‚Äôs nothing booked in today, and the warehouse staff are away anyway. I inform the driver of the situation but tell him he‚Äôs welcome to try the staff door and I‚Äôll meet him there. It requires the courier having to carry the delivery from the roadside as we have a height-restricted gate. 

I watch him pull up on the security camera, whereby he takes an absolute age to grab 3 shoebox-sized parcels. He comes through the gate and, instead of continuing to the only viable entrance in sight, turns an immediate right and heads through the jungle of a garden we have in the yard, through trees and bushes, squeezes past pallets in the yard, climbs over trolleys that are parked, to the delivery door. 

He hammers on the delivery shutter door, which is locked shut behind steel gates, and stands in the pouring rain. 

I‚Äôm at the staff door wondering where he‚Äôs gone. 

Eventually, this sodden figure appears with 3 soaked parcels outside the door, and just stands staring at me through the glass. I unlock the door. 

He walks into the door. 

‚ÄúMate, the door opens outwards?!‚Äù I exclaim. 

He says nothing, shuffles through the door sideways with the parcels against his chest, making the doorway even tighter to get through. Drops them on the floor. One bursts open as its now more water than cardboard. 

Hands me the PDA to sign. 

‚ÄúErm‚Äù I say. ‚ÄúThis is the wrong address. We‚Äôre in Catterick, not Barnard Castle‚Äù. ",https://www.reddit.com/r/CasualUK/comments/8m1pxv/when_you_get_a_complete_arse_of_a_courier_trying/,1527254694.0,60,0.98,10,CasualUK,byjimini
8m1ftp,The people have spoken.,[deleted],https://i.redd.it/u3mneyl8zzz01.jpg,1527252147.0,949,0.94,235,CasualUK,[deleted]
8m1dzu,Hotdog Day on the the butty van at work. They never bring enough.,,https://v.redd.it/lpb4bfgnxzz01,1527251676.0,117,0.96,22,CasualUK,Tugays_Tabs
8m1d9h,Bloody killjoys,,https://imgur.com/k8r48Wf,1527251459.0,384,0.99,14,CasualUK,maaaaaaaark
8m0yxq,"Spotted in Newcastle uni toilets, thought this was meant to be a russel group uni not a place for bloody cavemen",,https://i.redd.it/c7cbjnklkzz01.jpg,1527247229.0,135,0.94,71,CasualUK,_goldenshower_
8m0no6,Just pulled off a great save during a group interview.,"So I was doing a group exercise as part of a job interview. One girl had an incredibly confident and domineering personality - immediately taking the lead and stuff. Now this might be fine for some, but I was getting kinda stressed because I also have a domineering personality and I wasn't  given an opportunity to show my leadership skills. 

Anyway, I turned it around. In the individual interview I said that I used my conflict resolution skills by identifying a potential source of conflict (our clashing personalities) and deciding to take the back seat in order to allow the group dynamics to flow and reach the conclusion of the exercise. Or some bollocks like that.

It really impressed them so I'm feeling quite confident and it's a lucky tip to pass onto you.",https://www.reddit.com/r/CasualUK/comments/8m0no6/just_pulled_off_a_great_save_during_a_group/,1527243508.0,57,0.9,28,CasualUK,[deleted]
8m0hkt,Found this on my beer mat. I just want to enjoy my pint in peace dammit,,https://i.imgur.com/OXMMuc5.jpg,1527241379.0,92,0.96,47,CasualUK,bee-sting
8m0077,"It's the 25th May; 151 days after Christmas. The Christmas tree in Hulme, Manchester, is still up.",,https://i.redd.it/7vvytie0jyz01.jpg,1527234587.0,482,0.98,35,CasualUK,Flaigon
8lzysy,"Alright lads, who did it? Found in cineworld Sheffield.",[deleted],https://i.redd.it/j7s2a6ychyz01.jpg,1527234029.0,263,0.94,9,CasualUK,[deleted]
8lzvpu,Lateral - a new game show by Tom Scott!,,https://youtu.be/_xS-BIcu4ew,1527232861.0,63,0.93,15,CasualUK,MrThanatos
8lzs7h,"I caught a wild parakeet after it flew into my back garden and couldn't fly out, I only knew he was there because my dogs were investigating him.",,https://i.redd.it/6f806lo6ayz01.jpg,1527231628.0,172,0.97,58,CasualUK,Sirimpoleon
8lyigf,"Totalbiscuit has left us. If you want to listen to some genuinely British humour, watch his videos.","This is a link to his YouTube channel ‚Äî https://www.youtube.com/user/TotalHalibut

My personal favourite was his ""WTF is..."" series. Here's a YouTube playlist link to it. Really, this is his best stuff ‚Äî https://www.youtube.com/playlist?list=PLTFohR7GUZYcD8t4bbSKYpnsjMWf19Qgo

RIP. ",https://www.reddit.com/r/CasualUK/comments/8lyigf/totalbiscuit_has_left_us_if_you_want_to_listen_to/,1527217154.0,2595,0.91,139,CasualUK,EastContact
8lxnjz,A fantastic number plate,,https://imgur.com/CUm57GK,1527208684.0,75,0.91,17,CasualUK,1337green
8lwrsn,A man on the train ate a whole bag of satsumas.,,https://i.redd.it/ahk3htwuqvz01.jpg,1527200915.0,489,0.98,68,CasualUK,pattiecakes1
8lw9d3,A statue at the new Battersea Power Station site has a Sports Direct mug on its lap,,https://i.redd.it/c1vw94i5evz01.jpg,1527196634.0,232,0.98,19,CasualUK,menoknowgoodusername
8lw71h,If you go down to the woods today...you'll find this dug into the hill. What is it?,,https://i.imgur.com/5cGdntW.jpg,1527196125.0,157,0.98,51,CasualUK,ahrimaniac
8lw3al,Spelling mistake or accurate reporting ?,,https://i.redd.it/d1nwi6i8avz01.jpg,1527195312.0,1561,0.99,29,CasualUK,Mickmas123
8lvgzf,It was my nan‚Äôs funeral today,[deleted],https://www.reddit.com/r/CasualUK/comments/8lvgzf/it_was_my_nans_funeral_today/,1527190535.0,265,0.93,54,CasualUK,[deleted]
8lvbjp,A fucking pigeon walked into the house,,https://i.redd.it/q5vhnc4hsuz01.jpg,1527189377.0,481,0.99,59,CasualUK,bethz95
8lv1z0,Wierd events across the UK.,"Finally finalised the list of crazy events across the UK that have proper championships. Thanks for all your help folks.

World Gravy wrestling championship 
every august bank holiday weekend
Stackshead near bacup
www.worldgravywrestling.com


Gurning championship, 
second weekend September,
Egremont Crab Fair, Cumbria
http://egremontcrabfair.com/index.html

World conker championship
 September/October in Main Street, Southwick Nr Oundle, PE8 
https://www.worldconkerchampionships.com/

Tar barrel racing, 
5th Nov, 
 town of Ottery St Mary, devon EX11 1BZ
(flaming barrels full of tar carried in a race down the high street)
https://www.visitsouthdevon.co.uk/whats-on/ottery-st-mary-tar-barrels-p164313

Pie Eating ,
 December, (date to be announced)
HARRY‚Äôs BAR, Wallgate. town of Wigan 
https://en.wikipedia.org/wiki/World_Pie_Eating_Championship

Knob throwing, 
April, 
Kingston Morwaud,  Dorset, DT2 8PY (recently cancelled for 2018, rescheduled for 2019). 
 15 different styles of game involving a type of bread roll, known as a KNOB
http://www.dorsetknobthrowing.com/


Royal Shrovetide Football game (wooden football, original rules, up to 200 players in one game) Shrove Tuesday,
Ashbourne in Derbyshire. Shrove Tuesday 3pm kick off, game lasts 2 hours.
https://en.wikipedia.org/wiki/Royal_Shrovetide_Football
https://www.visitpeakdistrict.com/whats-on/royal-shrovetide-football-p688791

Wenlock Olympic games
June to July (3 weeks)
Wenlock, Shropshire, 
http://www.wenlock-olympian-society.org.uk/


Coracle World championship, 
14th September
Pengwern Boat House, Shrewsbury SY3 7BD
Racing tiny 1-person boats (like bathtubs) up a river
http://coracleworldchampionship.co.uk/index.html

Worlds biggest Liar, 
The Bridge Inn, Santon Bridge, Cumbria, CA19 1UX
Every November
http://www.santonbridgeinn.com/the-worlds-bigest-liar

Haxeyhood,
6th Jan
 Haxey, North Linconshire
Basically the crowd scrum and tackle for 12 rolls of hessian trying to get them into different ends.
http://haxeyhood.weebly.com/

Coal carrying, 
April
Royal Oak Pub, Owl Lane, Ossett
http://www.gawthorpemaypole.org.uk/?page_id=21

Woolsack races,
last week of may
Tetbury, the Cotswolds, 
Carrying hugs sacks full of unfinished wool	
http://tetburywoolsack.co.uk

Black pudding tossing
9 sept
The oaks, Bridge street, Ramsbottom, Lancashire, BL0 9AD
https://www.visitmanchester.com/whats-on/world-black-pudding-throwing-championships-p329351

Worm Charming
Willasten primary academy, Willasten (near Nantwich), Cheshire
23rd June
http://www.willastonprimaryacademy.co.uk/worm-charming/

Bog Snorkling
26th August
Cartref, Zion Street Llanwrtyd Wells, Wales, United Kingdom
https://radseason.com/event/world-bog-snorkelling-championships-wales-united-kingdom/

Shin kicking ‚Äì part of Cotswold olimpicks ‚Äì cancelled
Cherry stone spitting, - no nationals, many local competitions
Cow pat throwing ‚Äì local events",https://www.reddit.com/r/CasualUK/comments/8lv1z0/wierd_events_across_the_uk/,1527187360.0,64,0.99,24,CasualUK,-brownsherlock-
8lv0ni,Saw this banksy piece on my way home.,,https://i.redd.it/v6kc59umluz01.jpg,1527187062.0,508,0.98,24,CasualUK,Squidgepants
8ltvqp,"There‚Äôs something strange in the neighbourhood, who you gonna call?",,https://i.redd.it/ycacj7v5wtz01.jpg,1527178475.0,872,0.99,31,CasualUK,whycantibeBEEF
8ltseg,Late afternoon view from Mount Snowden (Wales),,https://i.redd.it/kjt2iyz3utz01.jpg,1527177782.0,56,0.94,7,CasualUK,[deleted]
8ltosy,"Today was my dad's last day of radiotherapy. He's had an incredibly hard 7 weeks. As a family, we'd like to thank all of the staff at Weston Park Hospital, from consultants to car park attendants, you are all amazing.",,https://i.redd.it/e6q8udisrtz01.jpg,1527177007.0,1453,0.97,48,CasualUK,justhowulikeit
8lt7cd,"Finally, an offer I can get behind!",[deleted],https://i.redd.it/6ebvp1rlgtz01.jpg,1527173241.0,59,0.97,6,CasualUK,[deleted]
8lt37j,Trying to find a room in London,,https://i.imgur.com/OS96gDA.gifv,1527172306.0,139,0.95,12,CasualUK,gordonpown
8lszpf,I feel betrayed!,,https://i.redd.it/ut8tjddgbtz01.jpg,1527171515.0,59,0.96,9,CasualUK,Abbiebear
8lsyw9,I've just found out I'm going to be Head Boy at my school!,"Although I doubt many of you will care I wanted to share this because it's a big achievement for me.
2 applications, 2 interviews and a presentation have paid off! ",https://www.reddit.com/r/CasualUK/comments/8lsyw9/ive_just_found_out_im_going_to_be_head_boy_at_my/,1527171336.0,87,0.8,94,CasualUK,An_Amazing_Turtle
8ls5p4,"Given the strong feelings surrounding Freddos, I wouldnt be surprised if one of you lot planned this",,https://i.redd.it/30ricjocpsz01.png,1527164075.0,62,0.92,15,CasualUK,ErinRosado
8ls3iy,Have they actually been to Croydon,,https://i.redd.it/xq8dmbsjnsz01.png,1527163468.0,527,0.98,44,CasualUK,quantum_waffles
8ls1d4,Scouse special,,https://v.redd.it/bjxwcq1qlsz01,1527162897.0,1245,0.99,73,CasualUK,Yoshic87
8lrq8u,There were mixed reactions to the queen's choice of dress for the royal wedding,[deleted],https://i.imgur.com/A9QatT4.gifv,1527159521.0,102,0.88,3,CasualUK,[deleted]
8lrljd,lots of car breakdowns on Worcester race course this morning.,,https://i.redd.it/d9wvilbz6sz01.jpg,1527157898.0,56,0.96,8,CasualUK,Hyperion1221
8lr55v,Perfect representation of the current state of northern rail services,,https://i.imgur.com/6hvJQxz.gifv,1527151751.0,572,0.99,45,CasualUK,Legoworldman
8lr53w,The Tesco Piss Bucket. Been here for weeks...,,https://i.redd.it/yq00kvemorz01.jpg,1527151727.0,76,0.98,19,CasualUK,stateit
8lr3ih,A top Thors Cave in the Peak District.,,https://i.redd.it/citaykqnmrz01.jpg,1527151063.0,91,0.99,14,CasualUK,Squanchmerchant
8lqz96,You know who I mean. Bob. Fat Bob... The locksmith.,,https://i.imgur.com/kkZ5oBy.jpg,1527149282.0,293,0.98,39,CasualUK,Morgan_Redwood
8lqygy,How my boss and I communicate,,https://imgur.com/06uxbG3,1527148961.0,115,0.98,26,CasualUK,SquireBev
8lquqa,No mole no fee,,https://i.redd.it/6w5v9nsybrz01.jpg,1527147466.0,247,0.98,34,CasualUK,dont_touch_the_stuff
8lqukv,"Went to a ""man club"" on Monday. Not what you think.","So I bit the bullet on Monday and went to a support group for men.

It was not at all what I expected. 20 guys, some of them absolute units (semi pro rugby players and doormen), some earning 6 figures, others working the docks on minimum wage. All just talking about whats good and bad about the past week and given the option to talk if they want to.

I thought I'd share as issues with mental health effects so many of us, and wanted to let you know this resource is available. I can't wait for the next session.

I don't think I can post a link but its called Andys Man Club and has 16 clubs across the UK.

--------------------------------------

EDIT: Didn't expect this to get as much interest as it has. Someone asked what actually happens there so I've copied my answer from below.

I've only been to one so far so it might vary. Not going to give too much personal information as that's the first thing they say when it starts, whatever os said at the meeting is not repeated elsewhere (I don't feel I'm breaking that rule)

So starts of with tea/coffee/hobnobs (biscuits may vary) and people just generally chatting while people come in.

Then when everyone is there, you sit in chairs in a circle. One of the main guys will start it off with a general question like ""why are you here?"". He answered the question and passed a stress ball to the guy next to him who then answered...sounds daunting at first but most answer ""to improve myself"" or something to that effect. The stress ball is good because it gives you something to focus on when you answer instead of making eye contact with strangers, or it allows you to pass it on to the next person if you don't want to answer but equally don't want to explain yourself. The ball is just respected.

Other questions included ""What's a positive from the past week"", ""What's a negative from the past week"" and ""What are you going to try and do before next meeting""...which could be reach out to a friend, take time to relax, put up the shelves that you've been meaning to do for the past year...whatever.

There was then a break and the second half was more about general chat on how to cope with stress.

Hope that gives you an idea of what its like. Its possible to go to a meeting and say nothing at all if you don't want to. The guys there know its hard to open up.

",https://www.reddit.com/r/CasualUK/comments/8lqukv/went_to_a_man_club_on_monday_not_what_you_think/,1527147405.0,955,0.98,220,CasualUK,Volitans86
8lqtyi,Met the best guide dog in the country at Oxford Circus this morning.,,https://i.redd.it/6fwavrg0brz01.jpg,1527147146.0,157,0.97,19,CasualUK,[deleted]
8lqky4,The red barrows wheelbarrow display team,,http://www.redbarrows.co.uk,1527143954.0,82,0.97,13,CasualUK,7952
8lq6yq,We all know a Jay,,https://i.redd.it/clal11y1nqz01.jpg,1527139088.0,453,0.93,86,CasualUK,prideofstockholm
8lnj7b,Saw this while looking for closing deals at Maplin,,https://i.imgur.com/XByxqdq.jpg,1527114254.0,69,0.94,7,CasualUK,ChildishGiant
8lm971,"at center parcs - wife hired an electricly assisted bike - it would have been rude of me not to see how fast i could make it go, right?",,https://i.redd.it/9ps08z2grnz01.jpg,1527104327.0,63,0.93,30,CasualUK,PM-ME-CRYPTOCURRENCY
8lm6ai,Bragging about cheating in exams online seems like a good idea...,,https://i.redd.it/z8arsga8rmz01.png,1527103687.0,275,0.97,47,CasualUK,permaculture
8lm04r,another commute pic,,https://i.redd.it/yal83i10mnz01.jpg,1527102422.0,351,0.99,22,CasualUK,aperijove
8llyed,"Thanks for the warning Nurofen, I was about to give it to my pregnant, elderly child",,https://i.redd.it/zi5682gsknz01.jpg,1527102058.0,115,0.89,18,CasualUK,ZombieRhino
8llsds,I've finished Uni,"It's taken a while to get to this point - I had my last presentation today and that's it until results day.

I did it!",https://www.reddit.com/r/CasualUK/comments/8llsds/ive_finished_uni/,1527100795.0,112,0.92,40,CasualUK,ArtemisCloud
8ll9ee,What the bloody hell did they just call Yorkshire puddings?,,https://i.redd.it/s6whiazh2nz01.jpg,1527096850.0,1090,0.98,232,CasualUK,FluffyPinata_
8ll3lf,Who else LOVES cooking a curry?,,https://i.redd.it/sa51odzw1nz01.jpg,1527095658.0,90,0.93,65,CasualUK,boringgit
8lkz9v,Brilliant weather in the Lake District today,,https://i.redd.it/659repgazmz01.jpg,1527094800.0,182,0.89,36,CasualUK,81toog
8lkqkv,Spotted this British classic in Wilkos.,,https://i.redd.it/9witjj3ztmz01.jpg,1527092995.0,885,0.97,48,CasualUK,mrssupersheen
8lkoip,Witnessed a tragedy on the way home from school today,,https://i.redd.it/shryf24ismz01.jpg,1527092545.0,653,0.98,59,CasualUK,PeechMan
8lkd3n,"Well, what ever chills your room.",[deleted],https://i.imgur.com/aBrOenI.jpg,1527090139.0,122,0.96,6,CasualUK,[deleted]
8lk9ic,Im ashamed to say it ... but a bunch of 10 yr olds made me cry today üòû,"I‚Äôm a primary supply teacher and todays class were horrendous ... had me in tears by the end of the day. I feel like such a disappointment ... ffs, they‚Äôre CHILDREN!! ",https://www.reddit.com/r/CasualUK/comments/8lk9ic/im_ashamed_to_say_it_but_a_bunch_of_10_yr_olds/,1527089387.0,274,0.95,102,CasualUK,sweary_artist
8lk16p,Google asking all the right questions about my local Wetherspoons,,https://i.redd.it/ynqwshm0emz01.jpg,1527087621.0,99,0.95,17,CasualUK,thealmightyjod
8ljt2q,Woah. Was our office sellotape dispenser secretly a drugs mule?,,https://i.redd.it/eb540ril8mz01.jpg,1527085818.0,169,0.96,15,CasualUK,[deleted]
8ljjf3,"My Grandad‚Äôs neighbour wouldn‚Äôt go 50/50 on a new fence, even though it‚Äôs the neighbour‚Äôs fence, so my Grandad only put up half a fence!",,https://i.redd.it/6dkgo2i92mz01.jpg,1527083698.0,395,0.99,38,CasualUK,eurfryn
8lji1p,Visited the Abbey in Whitby earlier. Majestic!,,https://imgur.com/MVAKE2J,1527083389.0,203,0.99,29,CasualUK,[deleted]
8ljg01,My heart bleeds...,,https://i.redd.it/hcx5wfzwzlz01.png,1527082910.0,3034,0.98,147,CasualUK,ac13332
8ljaq9,What do you do when you get married?,[deleted],https://streamable.com/ibb70,1527081641.0,59,0.96,4,CasualUK,[deleted]
8lj9c8,Would you place an orange juice on the lap of someone sleeping on the train?,"Is it creepy? 

aaaaaaaaaaaaaaaaaa... god...... this is not what I expected to happen.  I think I am going to hand in my 2 weeks notice and leave the city forever now. 

I am so embarrassed. Things are going to be very awkward now.......",https://www.reddit.com/r/CasualUK/comments/8lj9c8/would_you_place_an_orange_juice_on_the_lap_of/,1527081307.0,144,0.95,94,CasualUK,PracticalComputer
8lj8cb,Man on five-day drugs binge found filling hotel bathtub with potatoes while wearing bra,,https://www.mirror.co.uk/news/uk-news/man-five-day-drugs-binge-12574584#ICID=sharebar_twitter,1527081057.0,64,0.97,16,CasualUK,NEWSBOT3
8lj053,I just passed my driving test!,So fucking happy ,https://www.reddit.com/r/CasualUK/comments/8lj053/i_just_passed_my_driving_test/,1527079009.0,401,0.92,116,CasualUK,Gonzo1888
8lipl1,"From today, ISPs in the UK will have to advertise broadband speeds that reflect the speeds they provide to 50% of customers at peak times",,http://www.wired.co.uk/article/uk-broadband-speeds-fibre-to-the-home,1527076160.0,313,0.98,70,CasualUK,FormidableFish
8liitt,Many self-checkouts still take old ¬£1 coins and ¬£10 notes,"Hey folks,

Just thought it worth a mention that I've successfully used up many old notes and coins in various self-service machines. Self-checkouts, parking meters, that sort of thing. Even on some with signs saying they aren't accepting old ¬£1 coins. I'd say I've had an 80% success rate. Save a trip to the bank!

Related tip - if you have a coin jar with lots of spare change. Find a self-checkout with a funnel coin insert and just pour it all in (even if it's way more than you're spending), some machines give change in simple denominations. I've put in ¬£8 or so in smallish change to buy something for around ¬£2 and have a ¬£5 note and coins out as change. Mixed success with this one and don't try it too often to know if I've just gotten lucky or not.

",https://www.reddit.com/r/CasualUK/comments/8liitt/many_selfcheckouts_still_take_old_1_coins_and_10/,1527074111.0,95,0.95,21,CasualUK,ac13332
8lii2j,Flying the flag overseas,,https://www.youtube.com/watch?v=ECU4UMq-bBQ,1527073880.0,48,0.92,18,CasualUK,accidentalfritata
8lidr1,Bloke that live tweeted school trip had some backlash ‚òπÔ∏è,,https://i.redd.it/uxqijkj35lz01.jpg,1527072515.0,304,0.98,129,CasualUK,EliteNinjaHD
8licko,WALKESR CHRISPS-,[deleted],https://i.redd.it/s489n51x3lz01.jpg,1527072119.0,248,0.97,32,CasualUK,[deleted]
8lic9m,"Got told off for muting the self service tills in Tesco. It comes back on automatically for the next user, what's the problem?",[deleted],https://www.reddit.com/r/CasualUK/comments/8lic9m/got_told_off_for_muting_the_self_service_tills_in/,1527072018.0,86,0.98,51,CasualUK,[deleted]
8lic1n,A rather excessive Centre Parcs rant,"These car free middle class villages mean you are supposed to drop your luggage at your lodge then park your car over in the car park.

But of course some people think they are too good for this and leave their car outside the lodge all week/end. What annoys me is that they think they are being clever by breaking the rules and 'getting one over on everyone else' because they are special/smarter.

No you are not, you haven't thought of anything clever that no one else has, no one is impressed (BMW man) that you don't care. All you are is a selfish **** and if everyone behaved like you nothing would work properly. You are a child.

End.",https://www.reddit.com/r/CasualUK/comments/8lic1n/a_rather_excessive_centre_parcs_rant/,1527071946.0,93,0.91,66,CasualUK,flt001
8lib0l,I've been campaigning for months for tea and coffee making facilities in my office. This was management's solution. It's shin height.,,https://i.redd.it/l92ye11b2lz01.jpg,1527071579.0,134,0.97,51,CasualUK,vagbuster
8lhpgg,Satan's bird's,,https://imgur.com/CEj00F6,1527063476.0,67,0.93,12,CasualUK,beagio
8lhbg3,"woken by this buzzing round my room, 50p for scale !!",,https://i.redd.it/llyp8czgzjz01.jpg,1527058521.0,701,0.98,191,CasualUK,[deleted]
8lh3ny,At least the baguettes will be safe for the evening.,[deleted],https://i.redd.it/h70iar59rjz01.jpg,1527055754.0,3666,0.95,100,CasualUK,[deleted]
8le2ii,"Was reminiscing about kids TV in the pub last night. Who remembers this utterly terrifying, emotionally scarring Teletubbies character?",,https://i.redd.it/5wy3al2zchz01.jpg,1527026736.0,105,0.98,30,CasualUK,CozyWithHozy
8ldhmu,GF drew a picture of her favourite high court enforcement agent,,https://i.redd.it/vqh1ge6ezgz01.jpg,1527022177.0,609,0.97,63,CasualUK,RyanMullzz
8ldas5,First time I‚Äôve seen an Anderson shelter being used as a shed for a while,,https://i.redd.it/5d5c47t3vgz01.jpg,1527020756.0,160,0.98,17,CasualUK,basedinspoons
8ld6zc,Royal Wedding - Bad Lip Reading,,https://youtu.be/SKV6h_5XFbk,1527020004.0,117,0.94,8,CasualUK,[deleted]
8lcpya,Washing up bowls are shit.,Why are they even a fucking thing.,https://www.reddit.com/r/CasualUK/comments/8lcpya/washing_up_bowls_are_shit/,1527016545.0,112,0.93,100,CasualUK,[deleted]
8lc2q8,Always wear suncream behind your ears kids.....,,https://i.redd.it/jwxh6slr4gz01.jpg,1527011917.0,101,0.93,18,CasualUK,KetracelYellow
8lbu03,How do you get this wrong?,,https://vgy.me/pQPAlc.jpg,1527010227.0,102,0.96,27,CasualUK,[deleted]
8lbogs,Has science gone too far?,,https://i.imgur.com/kQ7c5bq.jpg,1527009157.0,120,0.93,37,CasualUK,sixeggs
8lb205,"‚ÄúHi there! Please confirm by replying to this email if you‚Äôre still happy to keep in touch, ready for GDPR! üòÄ‚Äù",,https://i.redd.it/8twvtfd0jfz01.jpg,1527004552.0,259,0.98,97,CasualUK,suicidalgoat
8lb0ld,Nice view from the office today üòç,,https://i.redd.it/jizcs8y3ifz01.jpg,1527004255.0,109,0.94,22,CasualUK,millsytime
8lak69,This man getting a worse tan every day,,https://i.redd.it/8lwc8sch7fz01.jpg,1527000683.0,67,0.94,18,CasualUK,nurdle11
8lak2n,Stay classy Manchester,,https://i.redd.it/mr67bpff7fz01.jpg,1527000661.0,71,0.89,13,CasualUK,i_will_be_rich
8l9w58,Wales is nice today,,https://i.imgur.com/CDMhkTD.jpg,1526994957.0,94,0.96,12,CasualUK,Warp__
8l9s3m,How I‚Äôve come to expect to find toilets on public transport - train to Leeds last night,,https://i.redd.it/hjh27llenez01.jpg,1526993928.0,72,0.92,44,CasualUK,Mexicabron
8l98s5,Good old passive aggressive note in the toilets at work,,https://imgur.com/8tNbrPP,1526988374.0,220,0.98,34,CasualUK,Minky_Dave_the_Giant
8l8tv5,The Trivial Tale of the Indoor Biscuit,"Alright.

If you were hoping for something interesting then you might aswell bugger off to another thread, because this is the most boring, trivial shit you'll ever read.

So.

Getting ready this morning, I'd woke up late for work. Shower was acting up, landlord wouldnt answer his phone... Basically I'm in a bit of a rush.

I've no time for breakfast, but I'm pretty starving. I tell myself that I'll grab a biscuit to eat on my walk to the train. So I get the tin and grab whatever biscuit is on top, before leaving for work.

And as I'm walking - eating my mint viscount - I have the single most ridiculous, stupid, and *British* thought I've ever had.

&gt;""I really should have grabbed a Kitkat instead. Viscounts are *indoor* biscuits. Now I look fucking ridiculous.""

But see, now I've thought of the concept of an ""indoor biscuit"", it won't go away. 

What counts as an indoor biscuit? Fuck, is there any biscuit that can be eaten outside without threat of ridicule? I mean, I suppose a Twix is fine, but that opens the whole ""chocolate bar Vs biscuit"" debate, and it's too early in the morning for that nonsense.

Is it the wrapper? See, a Breakaway or a Blue Riband seem fine, but eating a custard cream outside is just sacrilege. But then viscounts have wrappers too, but those are *definitely* indoor biscuits.

Maybe it's the shape.

Fuck it, anyway. It's been over an hour now and I need more opinions on the indoor Vs outdoor biscuit debate.

I'm a fucking mess.",https://www.reddit.com/r/CasualUK/comments/8l8tv5/the_trivial_tale_of_the_indoor_biscuit/,1526983281.0,128,0.97,51,CasualUK,HiuGregg
8l8te1,Get Rid of Pushy Salespeople by Sneezing on Their Clipboards.,"Morning Casual UK,

So I am off work right now, sick with flu. I was currently on a virtual M25 in traffic hauling acid to London. Dunno what makes having free time from sitting in traffic which makes me want to sit in virtual traffic. I was pulled away from swearing an Audi cutting me up by knocking on the door. 

I am currently looking like a slug, covered in blankets and snot and eventually I oozed down stairs to open the door. There was a salesperson. An apparently illiterate one who can't see signs saying no door to door salespersons. I choke out ""Hello?"" 

Sales Person: ""Hi blah blah double glazing insurance..."" 

I wasn't listening to be fair, I was too busy trying to not to die. ""Um sorry I don't want anything. I don't buy from door to door salespersons."" 

SP: ""Well don't call me that! I am not a sales person just a friend who wants to save you money. Look."" This complete stranger hands me a clipboard. 

I look at it and the tickle started in my nose. I was too exhausted trying to deal with him and it escaped me... I naturally bring my hands up to cover my nose only I had my hands full of clipboard. I sneezed on the clipboard and handed it back wincing. ""Sorry mate. Ill."" 

The guy ran off pretty much after stammering about his colleague will be in touch.

... I am not that sorry. ",https://www.reddit.com/r/CasualUK/comments/8l8te1/get_rid_of_pushy_salespeople_by_sneezing_on_their/,1526983109.0,117,0.98,53,CasualUK,Owlant
8l8t6p,I feel like such a rebel...,[deleted],https://i.redd.it/2bqsap3zqdz01.jpg,1526983020.0,99,0.87,20,CasualUK,[deleted]
8l8rbk,Tesco has a great deal on invisibility cloaks today,[deleted],https://i.redd.it/ccoav5ouodz01.jpg,1526982311.0,83,0.91,15,CasualUK,[deleted]
8l8po8,Brooklyn Nine-Nine is better,,https://i.redd.it/4pbvulwrmdz01.jpg,1526981632.0,259,0.95,41,CasualUK,MellotronSymphony
8l8kk8,Went to the aul' sperm bank today,"Was having a conversation with the gf, who mentioned she would donate her eggs if it didn't require invasive surgery. I thought, well why not give away my little soldiers since it's so easy and could make a struggling couple really happy?

So I went and learned a couple of things:

- sperm is in such high demand in this country that they need to import it from Denmark and America;

- this is doubly true if you want that sweet, sweet blonde and blue sperm, or if you're an ethnic minority;

- very few people are able to donate once you discount those with genetic conditions and those whose wee men don't like the cold.

Wasn't eligible in the end as I'm colourblind but if you are old enough and have a good family medical history I'd urge you to think about it. It's so easy for us and would make a real difference to someone's life. The only reasons not to are to let that gypsy curse die with you or because you're not enough of a man to think about sperm without giggling.",https://www.reddit.com/r/CasualUK/comments/8l8kk8/went_to_the_aul_sperm_bank_today/,1526979724.0,71,0.89,106,CasualUK,berotti
8l8fjb,M&amp;S is taking this salted caramel thing too far,,https://imgur.com/x0Jlmqz,1526977689.0,324,0.97,48,CasualUK,howdy-doo
8l8byi,Labrador fosters nine ducklings,[deleted],http://www.bbc.co.uk/news/av/uk-england-cambridgeshire-44202975/fred-the-labrador-takes-nine-ducklings-under-his-paw?ns_campaign=bbcnews&amp;ocid=socialflow_twitter&amp;ns_mchannel=social&amp;ns_source=twitter,1526976166.0,74,0.99,9,CasualUK,[deleted]
8l837r,One year on from the Manchester Arena attack. We will never forget.,[deleted],https://twitter.com/ArianaGrande/status/998788066629300224?s=19,1526972893.0,66,0.84,15,CasualUK,[deleted]
8l7y1a,Tesco lie to our faces and we do NOTHING.,,https://i.redd.it/o4qs97norcz01.jpg,1526971151.0,207,0.9,29,CasualUK,edgarfield
8l4djt,Bloody ‚Äòell,,https://i.redd.it/uavvdgnoz9z01.jpg,1526937522.0,8965,0.93,267,CasualUK,potnoodledrinker
8l4axy,Was anyone else a fan?,,https://i.redd.it/e1vwkcsyx9z01.jpg,1526936943.0,52,0.87,34,CasualUK,[deleted]
8l45en,How English has changed over the last 1000 years,[deleted],https://i.redd.it/r4bjsgz3p8z01.jpg,1526935702.0,108,1.0,40,CasualUK,[deleted]
8l3udj,Wetherspoons per capita,,https://i.imgur.com/QK3uyXH.jpg,1526933250.0,68,0.97,37,CasualUK,Sickfest
8l3ord,I don't blame them,[deleted],https://i.redd.it/sqqxrrdo38z01.jpg,1526932023.0,204,0.99,23,CasualUK,[deleted]
8l3ckh,I think I‚Äôll give this one a miss.,,https://i.redd.it/wucldtweb9z01.jpg,1526929363.0,68,0.96,21,CasualUK,ezyflyer
8l33gf,"No better way to end the day than a cup of tea and an obnoxious amount of cake, cheers.",,https://i.redd.it/zpymwfmj59z01.jpg,1526927385.0,128,0.95,41,CasualUK,DeadYen
8l2ytn,The British Royal Family in 2018,,https://i.redd.it/g1gsvgeku7z01.jpg,1526926363.0,143,0.85,58,CasualUK,tourboi
8l2vz3,You moist eyed pathetic turkey fucker,,https://imgur.com/GqXZtcM,1526925753.0,378,0.98,35,CasualUK,Cynically-Insane
8l2u1j,My Tesco looks like it was restocked overnight by a 17 year old whose parents are on holiday,[deleted],https://i.redd.it/ossmo6tmz8z01.jpg,1526925397.0,414,0.98,53,CasualUK,[deleted]
8l2qn4,That had better be the best breakfast known to man.,,https://i.imgur.com/klOTuEa.png,1526924824.0,109,0.99,19,CasualUK,IRedditOnMyPhone
8l2oz3,This man live-tweeted how his day helping a school trip to the Science Museum went. Spoiler: It wasn't pretty.,,https://twitter.com/simonfromharlow/status/998470432176123904,1526924459.0,530,0.99,51,CasualUK,a3poify
8l2c5i,Picnic should be 48.4g.. was only 41g. I feel betrayed.,,https://i.redd.it/87nm89zqo8z01.jpg,1526921736.0,124,0.99,25,CasualUK,scruffymid
8l18kh,"The height of the proposed ""Whey Aye"" wheel in comparison to other landmarks",[deleted],https://i.redd.it/oynijujyy7z01.png,1526913089.0,1975,0.98,101,CasualUK,[deleted]
8l15zv,Looks like Gabrielle's backing singer on Dreams isn't happy about how things turned out.,,https://imgur.com/44q1vFB,1526912479.0,199,0.98,20,CasualUK,antantoon
8l0pp6,Caught a seagull posing by westminster bridge yesterday!,,https://i.redd.it/pqkcbez7l7z01.jpg,1526908441.0,398,0.97,23,CasualUK,Rosskillington
8l0h3l,The Holy Grail. A white chocolate Kit with no Kat...,,https://i.redd.it/z07pufrde7z01.jpg,1526906143.0,4191,0.95,167,CasualUK,mattjon84
8l08fp,Angry old women complaints,"Just had the most laughable driving lesson experience. Picture this, I‚Äôm leaning to drive in quiet area just driving down a cul de sac very slowly and safely, I turn in the car park at the end of the road and begin to drive back, when a woman (large, red face, saggy tits, you get the picture) jumps out in front of my car with her hands out. Luckily I‚Äôm reasonably adept so was able to stop. She proceeds to have a go at me and my driving instuctor (and all learner drivers in general) for driving down the road. Her argument is that we are ‚Äòdisturbing the peace‚Äô and ‚Äòscaring away animals‚Äô. She didn‚Äôt listen to a word we said calling my driving instructor a ‚Äònasty man‚Äô as he politely tried to explain why he took learners down routes like this. She continued to be rude and ignorant and proceed to stare and make gestures as I slowly pulled away. Just another example of how some people can be so rude and disrespectful to others with no understanding. Sorry for the long post and thanks for reading! ",https://www.reddit.com/r/CasualUK/comments/8l08fp/angry_old_women_complaints/,1526903678.0,68,0.89,61,CasualUK,FlubbedGabe25
8kzwug,I just had to kick an unannounced union rep out of our building and things got a little heated when I caught him lying. I think I'll live off this adrenaline for about two years.,"Accidentally hit post before the text input... The adrenaline is to high.

There's only one manager in today and he's normally fifth in command on a full day. He doesn't like doing anything authoritive. I'm just a supervisor, maybe 8th in line, if that. This is my first ""take control"" moment for 5 years.

The union reps have to give notice when they're on premises, health and safety, all that jazz. This guy just strolls in and tells the manager he ""let another manager know."" He didn't. I spent twenty minutes checking on the much loved and company enforced group WhatsApp.

Manager doesn't want to get involved, and I offer to take the lead, the area manager is around and already in a bad mood today, I can't be arsed with the headache if he spots this guy. So in I go.

I do my best to be polite and explain that it's ""upper management"" forcing my hand. The usual things that make it a bit easier. The guy asks if he can phone his boss and get things straightened out, to which I accept, but don't leave the room. I just stand there and maintain eye contact. The energy is amazing. I know he's lying. He knows I know. There's a minute of silence where he tries to wait me out and see if I'll leave, I use every ounce of willpower to not break staring at him. Eventually he just looks up and goes ""thanks mate"" and walks out the staff room. Defeated. 

I follow him out the building and catch him trying to hand leaflets to staff on his way, he throws them back into his bag and walks off.

It's been an hour now and I'm still riding that high.",https://www.reddit.com/r/CasualUK/comments/8kzwug/i_just_had_to_kick_an_unannounced_union_rep_out/,1526899998.0,125,0.92,54,CasualUK,DanHero91
8kzquv,Funniest moments in exams?,"Last year, during our GCSE English Lit exam, my friend started to write her essay on Romeo and Juliet, but decided it was too hard and didn't write anything for the rest of the exam.

Maybe because we studied Macbeth you dumb twat

",https://www.reddit.com/r/CasualUK/comments/8kzquv/funniest_moments_in_exams/,1526897818.0,250,0.96,246,CasualUK,Accio_Cake
8kzmmr,London had an especially low tide yesterday,,https://i.imgur.com/GfEt01X.jpg,1526896221.0,148,0.96,57,CasualUK,liketo
8kzmi5,Maybe one day,,https://i.redd.it/rwn29asqk6z01.jpg,1526896174.0,234,0.92,21,CasualUK,BlobBoyOrigins
8kzf2c,"Roses are red, Rhyming is fun,",[deleted],https://i.redd.it/bmq77bpwb6z01.jpg,1526893208.0,217,0.93,25,CasualUK,[deleted]
8kzen4,How do you pronounce CeX? Is it C-e-X or CeX?,,https://i.redd.it/7dfzkoafb6z01.jpg,1526893039.0,1014,0.98,145,CasualUK,eyontheohm
8kzdut,I don't think much of Jodie Whittaker's new ride in Doctor Who,,https://i.redd.it/eu8fmdf8a6z01.jpg,1526892708.0,51,0.88,4,CasualUK,beagio
8kzcsp,What's your summer dress code at work?,"Where I work, it seems really stupid that women can wear summery skirts and dresses when it's mad hot but blokes have to sit there in trousers/jeans/things that make your balls sweaty. I don't understand why there's a difference between a woman wearing a skirt and a bloke wearing shorts. Oh, and before anyone starts, no I will not wear a dress to work! That doesn't go down well either.

What's it like where you work?",https://www.reddit.com/r/CasualUK/comments/8kzcsp/whats_your_summer_dress_code_at_work/,1526892292.0,58,0.96,107,CasualUK,FormidableFish
8kz586,Royal Mexican Wave,,https://youtu.be/MIopU7jGb2U,1526889163.0,66,0.92,8,CasualUK,Third_Chelonaut
8kyuvg,Check out my new frisbee!,,https://i.redd.it/zra6js4yn5z01.jpg,1526885181.0,190,0.91,24,CasualUK,BrassBallsComedy
8kyqnv,"This street near where I live is called Bellenden Gardens. It‚Äôs also shaped like a cock, complete with bellend.",,http://imgur.com/aEbqmdt,1526883588.0,1311,0.98,41,CasualUK,thatscottishguy
8kvu2h,"I am from Germany and I love the UK, AMA","Hi, I am from Germany and I just really like the UK. I try to go there at least once a year and I will go there again  in a few days. I would like to say sorry for this post as it could be considered as not appropriate to the rules and might be spam.

Anyway I am open for any questions and would be very happy to chat with some people :)

 Greatings from across the pond.
",https://www.reddit.com/r/CasualUK/comments/8kvu2h/i_am_from_germany_and_i_love_the_uk_ama/,1526852924.0,121,0.95,204,CasualUK,404response
8kvjui,Can someone write a petition to make this happen cos I dunno how,,https://i.redd.it/ohxp5w9hs2z01.jpg,1526850347.0,19478,0.94,132,CasualUK,milesblakey
8kvjpe,So it turns out the park my allotment is in has resident parakeets,,https://i.redd.it/z64yy0ids2z01.jpg,1526850312.0,92,0.99,25,CasualUK,crowey
8kv3wb,Family from germany looking for a contact to local family,"Hi Redditors, 

we're a family (aged 37/36/7/1) from southern germany visiting London. We're interested to get in contact with a local family for an ""intercultural experience"". Where would be a good place in the internet to arrange such a contact?

Alexandra likes reading, writing and travelling. Simon is an engineer, firefighter and into DIY. Both like jazz music. Our girl is 7 and interested in UK culture, dinosaurs and science stuff. Little boy just made his first steps and is so happy about this. 
We're in Camden from 24-28th May 2018. Maybe we can cook together, go for a walk, go to a playground, visit some places, ...
looking forward for your answers!
Simon &amp; family",https://www.reddit.com/r/CasualUK/comments/8kv3wb/family_from_germany_looking_for_a_contact_to/,1526846440.0,60,0.95,9,CasualUK,Roxythromycine
8kv3pd,Perfect weather for walking the Cotswolds Way today,,https://i.redd.it/4l42wdgog2z01.jpg,1526846394.0,117,0.99,15,CasualUK,81toog
8kuvao,Jersey airport smoke shaming,,https://i.imgur.com/m8ma27j.jpg,1526844362.0,317,0.97,22,CasualUK,tps-report
8kuuyb,Bolton Abbey was beautiful this morning!,,https://i.imgur.com/ecYP2f5.jpg,1526844276.0,158,0.96,6,CasualUK,FASTER_JOHNNY
8ku0lp,What a great name!,,https://i.redd.it/uo99nb49o1z01.jpg,1526836823.0,262,0.95,41,CasualUK,Putin-the-fabulous
8ktlvn,I‚Äôm sold,[deleted],https://i.redd.it/2ujddy76d1z01.jpg,1526833098.0,69,0.96,11,CasualUK,[deleted]
8ktkd6,Taking cruft beer to new levels,,https://imgur.com/DUaXpgg,1526832687.0,60,0.96,9,CasualUK,beefygravy
8ktjmm,Sunday smiles from this guy at Chester Zoo (Rock Hyrax),,https://i.redd.it/hlstws0eb1z01.jpg,1526832493.0,64,0.96,8,CasualUK,Ugly_Karma
8ktc07,Why not just spit on the Queen while your at it! Attacking our culture! Jaffa Cakes are round!!!,[deleted],https://i.redd.it/c2lmj2aj51z01.jpg,1526830525.0,280,0.91,58,CasualUK,[deleted]
8kt56y,This sounds like an adventure...,,https://i.redd.it/xdf7yv3zz0z01.jpg,1526828657.0,63,0.99,9,CasualUK,liglitterbug
8kt4xb,"Taken from outside my accommodation. This is why everyone hates students. Because some utter knob thinks ""oh, the bin is full up, let's pile *more* shit on It!""",,https://i.redd.it/s4u68aeqz0z01.jpg,1526828578.0,157,0.93,70,CasualUK,[deleted]
8kse76,...I think this spider was on Love Island,,https://i.redd.it/rcxyx45kb0z01.jpg,1526820443.0,744,0.98,57,CasualUK,ArchdukeLidl
8ksbmh,Stylish Cutlery,,https://i.redd.it/feg8cqrr80z01.jpg,1526819515.0,65,0.93,25,CasualUK,stephenhlane
8ksabc,Where do you all stand?,,https://i.redd.it/5qj22w7f70z01.png,1526819053.0,57,0.9,61,CasualUK,Danny-The-Didgeridoo
8ks4c3,"Chips &amp; Curry Pringles. I couldn‚Äôt resist buying these, even though they‚Äôll probably taste like bad breath.",[deleted],https://i.redd.it/cx9fac6e00z01.jpg,1526816698.0,110,0.98,61,CasualUK,[deleted]
8ks2tx,Classic London,,https://v.redd.it/qhwcq5921wy01,1526816018.0,101,0.92,11,CasualUK,sarcastic_swede
8krscy,Recent BBC article about the lives of CasualUK moderators,[deleted],http://www.bbc.co.uk/news/stories-44143003,1526811351.0,442,0.97,43,CasualUK,[deleted]
8krncl,Moment of silence please...,,https://i.redd.it/r6bxrfladzy01.jpg,1526808919.0,520,0.9,51,CasualUK,DeadYen
8krku1,N.Ireland (Torr's Head) and Scotland (Mull of Kintyre) in the same picture.,[deleted],https://imgur.com/a8IYypp,1526807635.0,111,0.95,21,CasualUK,[deleted]
8kre6f,I discovered that you can buy a loaf of bread at the supermarket bakery and ask them to slice it for you AND tell them the thickness you want it.,What kind of fight club underground illuminati privilege is this? I never knew about it until now! ,https://www.reddit.com/r/CasualUK/comments/8kre6f/i_discovered_that_you_can_buy_a_loaf_of_bread_at/,1526804290.0,107,0.95,45,CasualUK,DeadYen
8krcz9,North London looked lovely yesterday.,,https://i.redd.it/i8t3lxj8wyy01.jpg,1526803687.0,336,0.97,32,CasualUK,Fried-Egg-Sandwich
8kr5kz,"I built, filled and planted raised beds. Bit wonky but fingers crossed for a good harvest",,https://i.redd.it/plxkvlq2nyy01.jpg,1526800136.0,151,0.96,57,CasualUK,magsan
8kr5cd,What is this abomination of a serving suggestion on my frosted shreddies,,https://i.redd.it/cf7xymctmyy01.jpg,1526800022.0,182,0.98,31,CasualUK,[deleted]
8kr0dd,I saw a dyslexic Yorkshireman the other day. He was wearing a cat flap.,"Add your best \(or worst\) joke in the comments. 

Let's give the content vampires something worth stealing.",https://www.reddit.com/r/CasualUK/comments/8kr0dd/i_saw_a_dyslexic_yorkshireman_the_other_day_he/,1526797788.0,449,0.96,132,CasualUK,vbloke
8kqyam,Just made a little friend whilst eating my Macy‚Äôs breakfast.,,https://i.imgur.com/HVIG58n.jpg,1526796848.0,89,0.92,22,CasualUK,9DAN2
8kp3kj,Spotted in Birmingham,,https://imgur.com/gI2p1CW,1526774019.0,60,0.93,10,CasualUK,XIsACross
8koffk,I feel like I've lifted so much weight off my chest!,"Nobody will probably care but up until a month back all I did was sit on the computer all day, so far this month I've sent off and recieved my provisional for ID, opened my first bank, and started the process for a job. It's all so new to me but it feels good, wouldn't turn back! ",https://www.reddit.com/r/CasualUK/comments/8koffk/i_feel_like_ive_lifted_so_much_weight_off_my_chest/,1526767154.0,121,0.93,26,CasualUK,February-
8kntkc,Coventry Canal in the warm evening sunshine :),,https://i.redd.it/9qulklm2fvy01.jpg,1526761210.0,160,0.98,14,CasualUK,HydroLeonheart
8knl2r,"Well, I was not expecting that.",,https://i.redd.it/5yrnb9bu8vy01.jpg,1526758995.0,73,0.9,7,CasualUK,Jorarl
8kmvtm,"The view from Roundway Down, Wiltshire",,https://i.imgur.com/5OHRKGC.jpg,1526752561.0,55,0.97,4,CasualUK,Frap_Gadz
8kmkde,Just a quickie that might help some folk. The AA were charging me 13 a month and after a year they doubled the price to 26. I rang up and said I wanted to cancel and they reduced the price to 14. Hope that helps and took about 5 min to do. Cheers guys,,https://www.reddit.com/r/CasualUK/comments/8kmkde/just_a_quickie_that_might_help_some_folk_the_aa/,1526749631.0,65,0.95,25,CasualUK,kingnottingham
8km363,Fake taxi new upload,,https://i.redd.it/zzuu5h5n3uy01.jpg,1526745139.0,302,0.88,14,CasualUK,HeisenbergCooks
8klzzg,What did we do to deserve such a man?! Brian Blessed is a star.,,https://i.redd.it/2t82znw11uy01.jpg,1526744272.0,608,0.97,67,CasualUK,OhHiFelicia
8klzgi,Train seats...,,https://i.redd.it/0en2jo8l0uy01.jpg,1526744112.0,2038,0.98,72,CasualUK,[deleted]
8klw6r,Spotted outside student reception at uni,,https://i.redd.it/a0wl4uztxty01.jpg,1526743186.0,130,0.99,12,CasualUK,ironsidercommie
8kls4q,Found on the pavement in East London. I love this country,,https://i.imgur.com/srA9Fn4.jpg,1526742107.0,194,0.93,20,CasualUK,I_AM_YOUR_MOTHERR
8klkhd,Giz us a sip of your coke,,https://i.redd.it/ow0h1v5unty01.png,1526739923.0,80,0.98,10,CasualUK,[deleted]
8klduq,Cycled through a pathway recently vacated by travellers...,,https://i.imgur.com/MOU45Xo.jpg,1526737968.0,85,0.99,41,CasualUK,RachelRileysPants
8klc2d,Its my sister's wedding today and she just entered the dining hall like this,,https://i.redd.it/rc4y9jekgty01.jpg,1526737381.0,735,0.95,9,CasualUK,HarryGoLocky
8klbt4,What a great day to be British.,"Great weather, at lunchtime I got a shiny Charizard, *and* Chinese for tea. What a day.",https://www.reddit.com/r/CasualUK/comments/8klbt4/what_a_great_day_to_be_british/,1526737301.0,345,0.94,64,CasualUK,blackmist
8klb4q,Bit rude of them,,https://i.redd.it/bxkaqogofty01.jpg,1526737083.0,2614,0.98,55,CasualUK,godhatessonny
8kkond,"Currently ill, TCP is what I imagine the Orcs gave Merry in LOTR The two Towers.",,https://i.redd.it/yb81qtsissy01.jpg,1526729303.0,53,0.93,19,CasualUK,Dr_Bottle
8kknph,"No thanks Heinz, I‚Äôll have a boots meal deal instead.",,https://i.redd.it/79sdy8kersy01.jpg,1526728918.0,110,0.97,26,CasualUK,1bigpoolater
8kkljd,Seen at my town's Pride Festival today,[deleted],https://i.imgur.com/jveqUhk.jpg,1526728088.0,852,0.92,272,CasualUK,[deleted]
8kkjap,It's hard to tell why they're out of business then,,https://i.redd.it/2d6yyfaamsy01.jpg,1526727196.0,254,0.96,9,CasualUK,dustbinseagull
8kkh5n,Spotted this little piece of joy today.,,https://i.redd.it/kgc8xa7fjsy01.jpg,1526726232.0,2229,0.98,54,CasualUK,[deleted]
8kk8fp,North/South divide according to geordies,[deleted],https://i.redd.it/j8xykfrs7sy01.jpg,1526722365.0,7153,0.95,455,CasualUK,[deleted]
8kk3ox,"If this is a portion, I'm a cereal junkie.",,https://i.redd.it/fvkdmhx91sy01.jpg,1526720133.0,306,0.98,66,CasualUK,thefooby
8kk2cc,Official FA Cup Final Thread,[deleted],https://www.reddit.com/r/CasualUK/comments/8kk2cc/official_fa_cup_final_thread/,1526719462.0,79,0.87,112,CasualUK,[deleted]
8kk0x4,"Dear U.K. Bakeries, make bread that fits in a toaster!!",,https://i.redd.it/839k5hh7xry01.jpg,1526718768.0,287,0.93,106,CasualUK,Richard_McRichard
8kjx3s,¬£0.16 for 100 shts? Great value!,,https://i.redd.it/5om594chrry01.png,1526716986.0,722,0.98,56,CasualUK,BonerTheOmnipotent
8kjpqz,Marvel have revealed their next new superhero for Infinity War Part 2,,https://i.redd.it/5bgqo5cbhry01.jpg,1526713570.0,1296,0.97,66,CasualUK,[deleted]
8kjo50,Royal wedding discussion - Saturday 19th,"Please use this post for any and all items related to the royal wedding 

It will help keep the sub clean and tidy. 

Thanks in advance,

The mods. ",https://www.reddit.com/r/CasualUK/comments/8kjo50/royal_wedding_discussion_saturday_19th/,1526712877.0,301,0.87,3103,CasualUK,GFoxtrot
8kjnbs,My dinner last night: Homemade Sausage Egg &amp; Bacon pie with a layer of Branstons pickle.,[deleted],https://i.redd.it/jqk4kjgeery01.jpg,1526712525.0,74,0.84,29,CasualUK,[deleted]
8kif38,Shoutout to the absolute ledge at Best Pizza and Kebab in Norwich for taking my old ¬£1 coin in a pinch,"I'm drunk, it's 3am and I was ¬£1 short. I franticly searched my coat and I found my old ¬£1 shopping trolley coin. I shook my head telling him, 'All I've got is an old one' fully expecting to be turned away from the doner goodness I crave so much. But the mad lad laughs and takes it, saying 'Eh, I'll give it to someone else!' 

Late night kebab shop workers are truly the unsung heroes of this nation.

Edit: grammar. I'm too busy enjoying my kebab right now",https://www.reddit.com/r/CasualUK/comments/8kif38/shoutout_to_the_absolute_ledge_at_best_pizza_and/,1526697051.0,305,0.98,29,CasualUK,marius_ann
8khb2i,Belfast telegraph pole locked to a car.,,https://i.redd.it/qpcif2sk4py01.jpg,1526685017.0,63,0.98,12,CasualUK,jewcox
8kh8tm,"Publix in Knoxville, Tennessee. Their British ""International Foods"" Selection",,https://i.imgur.com/0Zhlqbn.jpg,1526684429.0,85,1.0,43,CasualUK,GoatFuckYourself
8kgvqn,The great British sport of swan chucking...,,https://i.redd.it/763r8c8tsoy01.gif,1526680977.0,84,0.96,25,CasualUK,The_Real_JT
8kglpx,"View over Derwent Water, Lake District last sunday.",,https://i.redd.it/qij3sph3loy01.png,1526678369.0,85,1.0,1,CasualUK,mMaVie
8kgk11,It's not even for money saving. They're young enough to travel for free.,,https://v.redd.it/662ksiiujoy01,1526677968.0,235,1.0,16,CasualUK,never-off
8kg6rs,Get it together people!,,https://i.imgur.com/XdrPJNC.jpg,1526674746.0,62,0.98,14,CasualUK,anowlandafez
8kg0f4,Someone at KFC loves themselves,,https://imgur.com/YHesc1l,1526673282.0,133,0.99,3,CasualUK,urbanclearway
8kfkwp,Wholesome family business in Macclesfield,,https://i.redd.it/mczsvrgbvny01.jpg,1526669706.0,115,1.0,12,CasualUK,boldenspeaking
8kfdbl,I'm so glad in Uni we weren't grouped up and had to live in the same space with roommates like in the US.,"I always read on reddit about horror stories of living with roommates in university in the US. Sharing a kitchen was tolerable for me, but there's not a chance in hell I would have shared a space with multiple beds or, lord forbid, toilets. I turned down an entire offer for a university primarily because the halls had shared toilets. My privacy is too sacred for that life.

I opted in my second and third years to live in a studio flat in halls so I had everything to myself and it was heaven. Being forced to share your living space with someone random for at least a year sounds like a sentence from satan himself.",https://www.reddit.com/r/CasualUK/comments/8kfdbl/im_so_glad_in_uni_we_werent_grouped_up_and_had_to/,1526667960.0,111,0.91,49,CasualUK,Tetrylene
8kf23a,"Not a lot going on in my little town, local news have reported some burnt food in the most dramatic way possible.",,https://i.redd.it/mjperl4tiny01.jpg,1526665492.0,63,0.97,9,CasualUK,killermonkey87
8kes51,"My Friday night drinks choices are usually unpopular around here, I think I hit a new low this week.",,https://i.imgur.com/AwLgjxD.jpg,1526663345.0,238,0.94,82,CasualUK,9DAN2
8keruv,Never leave candles in a conservatory on a hot day...,,http://i.imgur.com/xKcamwB.jpg,1526663274.0,757,0.99,37,CasualUK,BQKazoo
8keb05,I can imagine the cringes now,,https://i.redd.it/dc0iq8qy0ny01.jpg,1526659503.0,439,0.99,94,CasualUK,looms11
8ke6kg,Mum just picked me up from work; stunned to see an actual cup of tea in the cup holder,,https://i.redd.it/ombqntg5ymy01.jpg,1526658551.0,663,0.97,54,CasualUK,MC_Cryptid
8kdssl,"In light of the guy moaning about the TV licence people, I thought I'd share this gem of a website",[deleted],http://www.bbctvlicence.com/2006%20letters.htm,1526655537.0,59,0.92,63,CasualUK,[deleted]
8kdkdc,You really can find everything in Cambridge,,https://i.redd.it/cug27vzbjmy01.jpg,1526653562.0,104,0.97,12,CasualUK,minisaladfresh
8kd3wz,"Just going for a swim, anyone want to join me?",[deleted],https://i.redd.it/es76jlkl7my01.jpg,1526649628.0,500,0.99,28,CasualUK,[deleted]
8kd0o0,Cardiff hosting the RAF100 display this weekend.,,https://i.redd.it/9iu1jjwa5my01.jpg,1526648843.0,72,0.96,13,CasualUK,_Not-the-FBI_
8kcypy,"A Talksport phone-in starts with the Maradona Hand of God goal, then turns into something different..",,https://v.redd.it/j533mwvtnly01,1526648365.0,75,0.97,4,CasualUK,rosinantea
8kcrp0,Stevenage being Stevenage,,https://i.redd.it/4kvki0zxxly01.jpg,1526646410.0,240,0.98,14,CasualUK,Jordanbvb09
8kcntp,Someone stole the defibrillator from our ex-phone box,,https://i.redd.it/98sguuqvuly01.jpg,1526645340.0,265,0.99,60,CasualUK,blackhood0
8kciq4,Just bought a cam of IPA called AEgir it opened like this. More cans should do this nicer to drink from imo!,,https://i.redd.it/eosohmveqly01.jpg,1526643846.0,203,0.97,60,CasualUK,RJWeaver
8kc9ij,Some ones clearly been watching repeats of Britain‚Äôs next top model.,[deleted],https://i.redd.it/k67ruqlihly01.jpg,1526640844.0,77,0.91,10,CasualUK,[deleted]
8kc4ol,"Lots of love, the BBC xxxxxxx",,https://i.redd.it/zwhlaewmcly01.png,1526639203.0,232,0.98,13,CasualUK,smarchchip
8kc3ls,Knocking Shop!,,https://i.redd.it/6e4jm02fbly01.png,1526638817.0,91,0.99,28,CasualUK,AudioDoge
8kbig7,Saw this on a traffic light post. I like Sheffield.,,https://i.redd.it/lsco9xhzmky01.jpg,1526630580.0,149,0.99,76,CasualUK,justhowulikeit
8kbhh7,"Weekly Pub Quiz time: 24 points including questions on people, penguins, triangles and other assorted stuff. Answers in comments, give it a go!",,https://imgur.com/a/weXZRLO,1526630194.0,75,0.96,104,CasualUK,Kerigorrical
8kbfdh,Who else in here can't stand baked beans?,"There must be a few of us? What is it about harricot beans covered in a sickly, slimy, horribly sweet ""tomato"" sauce that seems to pitch a tent in most Brit's trousers?

They are bloody vile things, you can smell them across the room the moment the tin is open. Guaranteed way to ruin any decent fry-up for me.

I'm sure some of you will want to glass me for saying this but I'm sorry, baked beans look like vomit and they taste even worse.",https://www.reddit.com/r/CasualUK/comments/8kbfdh/who_else_in_here_cant_stand_baked_beans/,1526629363.0,117,0.77,117,CasualUK,theartofrolling
8kbdgo,"Bank robbery in Bishop Auckland, England. Even the bank robber waits their turn in the queue. (Photo issued by Durham Constabulary)",,https://i.redd.it/ub08j2x6hky01.jpg,1526628627.0,334,0.98,44,CasualUK,TaylanO95
8kba11,Todays metro‚Äôs advertisment,,https://i.redd.it/1zglzhxedky01.jpg,1526627357.0,189,0.97,69,CasualUK,Unitedthe_gees
8kb5l3,Been waiting 25 minutes for a bus then this happens... gotta love tfl,,https://i.redd.it/x98yq7yo8ky01.jpg,1526625769.0,85,0.97,12,CasualUK,-PsychoDan-
8kb4ai,National Express takes you to the most exotic of locations,,https://i.imgur.com/fNlYLNh.jpg,1526625287.0,103,0.99,8,CasualUK,EvilMonkeySlayer
8kayhz,A WiFi password from my street...,,https://i.redd.it/gzldc3z71ky01.png,1526623257.0,275,0.9,38,CasualUK,[deleted]
8katoi,We doing any work today boss?,,https://i.redd.it/w9omue05wjy01.jpg,1526621551.0,156,0.95,21,CasualUK,-Bungle-
8kapv2,Tonsillitis? We got you sorted.,,https://i.redd.it/pangc9j9sjy01.jpg,1526620245.0,569,0.98,82,CasualUK,RainbowCloud5
8k8hy8,Just your average homebase patron...,,https://v.redd.it/tspezxxdwhy01,1526597462.0,221,0.99,14,CasualUK,The_Real_JT
8k8d9m,Sound advice.,,https://i.imgur.com/W8Nwvz3.jpg,1526596289.0,81,0.96,5,CasualUK,spicerldn
8k89e7,I'm proper proud of my ginger nuts,,https://i.imgur.com/mMbD8Vd.jpg,1526595328.0,359,0.97,39,CasualUK,ahrimaniac
8k80hg,Gross wtf Tesco.,,https://i.imgur.com/oW0M6LJ.jpg,1526593261.0,169,0.96,57,CasualUK,Winkwoo
8k79hc,"In my defence, I remembered to get beer for me",,http://imgur.com/fhNXrAQ,1526587315.0,67,0.93,20,CasualUK,yerkhunt
8k6l4h,Got this today for my service at the Manchester Arena terror attack. #westandtogether,[deleted],https://i.redd.it/t7gmwqspmgy01.jpg,1526582064.0,2043,0.97,105,CasualUK,[deleted]
8k6481,Good old Yodel living up to their reputation: someone else‚Äôs package in my letterbox and a note asking me to take it to the right house!,,https://i.redd.it/ljvtzeo8cgy01.jpg,1526578539.0,64,0.98,14,CasualUK,ordinarybloke1963
8k5x4v,Found this beauty in one of them under the road tunnels [very slightly NSFW],,https://i.imgur.com/FVjJvL2.jpg,1526577077.0,88,0.96,7,CasualUK,SpadesOf8
8k5uky,Does anyone else remember collecting these from cereal boxes when they were a kid? 2005 I think.,[deleted],https://i.redd.it/g8caw32c6gy01.jpg,1526576549.0,566,0.98,66,CasualUK,[deleted]
8k5o98,Love my walk home from work,,https://i.redd.it/anp9a14b2gy01.jpg,1526575217.0,71,1.0,10,CasualUK,Snail-Juice
8k51km,For when you fancy a cold dirty kebab at any time of day!,,https://i.imgur.com/6voBo1n.jpg,1526570369.0,225,0.99,44,CasualUK,Stormphoenix82
8k4xzf,"This has to be intentional, right?",,https://i.redd.it/19ivzdvjlfy01.jpg,1526569559.0,325,0.96,33,CasualUK,harmallama
8k4der,Hello from Barcelona,,https://i.imgur.com/4loZPuH.jpg,1526564820.0,60,0.97,4,CasualUK,duyaw
8k4bly,"Finished watching ""The Thick of It"" on Netflix last night.","It's a fucking epic show. I'm not into politics or anything like that but it's funny as hell. I love Malcolm and I relate to him on a personal level. Working in an office, you can see why he gets so irate. 

Everyone who's seen it, what do you think and what's your favorite line?

[Anyway, here's what line I've nicked ](http://i.imgur.com/Kdklf86.gif)",https://www.reddit.com/r/CasualUK/comments/8k4bly/finished_watching_the_thick_of_it_on_netflix_last/,1526564389.0,109,0.97,67,CasualUK,Nevarc_Xela
8k4a35,"Well, why not? Got to make a buck somehow...",,https://i.redd.it/gd60dgtw4fy01.jpg,1526563995.0,104,0.97,9,CasualUK,stateit
8k3q6q,Anyone remember monkey dust? Probably one of my all time favourite shows.,,https://youtu.be/2D3B3lLgxDY,1526558784.0,74,0.98,46,CasualUK,myelectiveishard
8k3cjd,"So, referring to things as an Absolute Unit seems to be popular now...","Right, I rarely actually make a post, but I thought this was worth it. It's an obviously British thing to say. I've seen it being used by people I assume are Ameribobs, so I was quite happy that saying are infecting our transatlantic cousins.

I was just reading /r/Netherlands and there's a post about the world's largest ship arriving in Rotterdam. Top comment is 'Een absolute eenheid'

Go on, you can guess that translates to :D Have any more of our more international lurkers seen, like, ein absolute Einheit or une unit√© absolue being used? 

It amused me more than it should.",https://www.reddit.com/r/CasualUK/comments/8k3cjd/so_referring_to_things_as_an_absolute_unit_seems/,1526554618.0,62,0.92,48,CasualUK,Teh_yak
8k3ack,My wife is away with friends for the weekend," So, I've been to Tesco, bought all the ingredients for a full English that I'm about to sort, i also bought steak, salad a shiraz and a small loaf.
 I will mainly be watching comedy or fast action films, i will not be watching anything that has ""top models"" or ""bake off"" or ""got talent"" in it or anything ending in ""enders"" or ""street"" etc, i think i have the bases covered, also have Pringles and a few bottles of cider.

 So gents of CasualUK is there anything else i should have/watch/eat??",https://www.reddit.com/r/CasualUK/comments/8k3ack/my_wife_is_away_with_friends_for_the_weekend/,1526553890.0,99,0.95,144,CasualUK,mazdanc
8k373f,I saw an old friend whilst watching Friends last night,,https://i.imgur.com/CcczLfH.jpg,1526552802.0,395,0.98,20,CasualUK,Doe_Ray_EGON
8k338e,"spotted in hackney. I mean, its a lot harder to raise a child",,https://i.redd.it/02gjzzur78y01.jpg,1526551512.0,206,0.99,16,CasualUK,Tegzay
8k2xdf,"I'm really enjoying all these companies, who have spammed me for years, emailing me and asking me to allow them to keep doing so. I have the power!",,https://www.reddit.com/r/CasualUK/comments/8k2xdf/im_really_enjoying_all_these_companies_who_have/,1526549424.0,248,0.99,60,CasualUK,chelseasaints
8k2vwk,Homes Under the Hammer being optimistic,,http://imgur.com/gallery/I6c7KMB,1526548862.0,85,0.96,6,CasualUK,WeightyUnit88
8k2qoa,"I'm an English teacher abroad. This is an exercise in my textbook. What do you think? The ""correct"" answers in the comments.",,https://i.imgur.com/u7TZnBP.jpg,1526546876.0,206,0.99,122,CasualUK,GameBoo2
8k2oyz,The daily inspirational messages from the TFL workers.,,https://i.redd.it/g2w32x51ody01.jpg,1526546183.0,220,0.97,7,CasualUK,mathewkhan
8k2mc4,The UK's reputation for having a poor relationship with alcohol is simply mystifying,,https://i.redd.it/i4yqmfatkdy01.jpg,1526545096.0,881,0.99,48,CasualUK,c0253484
8k24k4,The lovely McDonald‚Äôs experience,,https://v.redd.it/gifbxemuiby01,1526538869.0,684,0.98,75,CasualUK,Bqis
8k241g,"Not sure what happened to this, i guess someone wasnt happy with the fine.",[deleted],https://i.redd.it/taxzw6ht1dy01.jpg,1526538708.0,190,0.98,30,CasualUK,[deleted]
8k21ct,Photo taken seconds before disaster.,,https://i.redd.it/5coivnyazcy01.jpg,1526537863.0,31470,0.96,607,CasualUK,TheLaudMoac
8k1qlh,Sounds painful Daily Mail....,,https://i.redd.it/x6xfi5pkpcy01.jpg,1526534594.0,483,0.98,33,CasualUK,nagaffets
8k19zm,The McDonald's self serve experience,[deleted],https://v.redd.it/gifbxemuiby01,1526529910.0,51,0.93,13,CasualUK,[deleted]
8jzqdn,"It is 1 in the morning and, like most people, I would like to sleep.","Unfortunately, there are two young, female students who live locally. They have not chosen to sleep. Instead, they are playing music (bad music, to be clear) at a fairly high volume, from their convertible Mini.

They have been dubbed, by myself and my flatmates ‚Äúthe mini girls‚Äù. It‚Äôs not the most descriptive name, (it is hard to be inventive at 1am) but one can say it with enough disgust to clearly express one‚Äôs feelings towards these women.",https://www.reddit.com/r/CasualUK/comments/8jzqdn/it_is_1_in_the_morning_and_like_most_people_i/,1526515197.0,80,0.96,61,CasualUK,timtjtim
8jysmt,Know the difference,,https://imgur.com/6jX3kb5,1526506954.0,95,0.92,0,CasualUK,Snow776
8jys0u,"Probably the best British comedy scene (and comedy scene in general) in years, what do you all think?",[deleted],https://www.youtube.com/attribution_link?a=YoG9fxod9Yk&amp;u=%2Fwatch%3Fv%3DZAGO_l_YTbk%26feature%3Dshare,1526506807.0,155,0.96,52,CasualUK,[deleted]
8jyisj,"Newly refurbished studio flat to rent, ¬£900 pcm, all bills included.",,https://i.redd.it/dy8zx2nx8ay01.jpg,1526504781.0,52,0.9,18,CasualUK,RainbowCloud5
8jy934,"Seconds before Rotherham FC's second goal, someone living near the pitch was shining a laser pen at the opposing keeper.",,https://i.redd.it/pzqjkgwf2ay01.png,1526502711.0,131,0.99,16,CasualUK,conversationchanger
8jy62k,Have a free Dominos pizza on me,,https://i.redd.it/uo49c9uo0ay01.jpg,1526502039.0,56,0.97,14,CasualUK,OFlea
8jy4n2,Man carrying 'pot plant' legs it after wandering into background of live news report on cannabis bust,,https://www.standard.co.uk/news/uk/man-carrying-pot-plant-legs-it-after-wandering-into-background-of-live-news-report-on-cannabis-bust-a3840906.html,1526501740.0,103,0.96,5,CasualUK,BanginDrumsNMums
8jxrvq,Anyone else feel like uni was a waste of time?,"Before I start, I'm posting this here because it's the most active sub I can find where everyone is English (Yanks seem to have a different view of uni to us). I suppose I'll come across as a moaning bastard but this is a bit of a rant and hopefully can be seen as a bit of a warning/advice for people thinking of uni or if you have kids you want to go.

I was one of them kids at school who got good grades but didn't have any idea what I wanted to do in life. So when I turned 18 my teachers and parents say ""go to uni, when you finish you'll know what you want to do. Even if you still don't know, you'll have a degree so can get a good job!"". 

My parents especially wanted me to go because I'd be the first in my family to get the chance to go so was seen as quite a big thing in my family.

I didn't know what I wanted to study, so I was told to just pick the subject I liked most (which was Biology). 

Half-way through I got a little bit disillusioned knowing that it wouldn't get me anywhere, but after talking to my dad he said it would be even worse to quit half way with nothing to show for it so just stick it out. 

Ended up getting a 2.2 (I struggled with it, having got into a good uni through an access-scheme with CCC grades at A-level). Probably shouldn't have been there in the first place, coupled with not really wanting to be there, was never really going to do well.

Anyway, I'm 24 now and after looking for grad jobs / trying to find any permanent job, I'm thinking of just signing up for the military. Get a trade and earn decent money. Since graduation I've gone through months of unemployment punctuated by temporary contracts working at various warehouses/labouring jobs/royal mail at christmas-time.

I really don't see a way out of the cycle I'm in right now. Working min-wage jobs for the rest of my life. Every year more people are graduating with better degrees and better grades so I have no hope at graduate jobs.

The funny thing is, going to uni kind of fucked my social life up as well - I made mates at uni, but because I moved away I didn't really see mates from home often. When I moved back home we'd sort of grown apart, and the mates I made at uni ended up landing good jobs/PhD's etc and moved away, so I gradually lost contact with them as well.

TLDR - Uni kind of fucked my life up. It's stuck me in a cycle of minimum wage work with no social life, and probably depression to go along with that. Right now I think joining the army is the only way to get out of this rut.

To any 16-18 year olds reading this; DON'T GO TO UNI UNLESS YOU KNOW WHAT YOU WANT TO DO, AND MAKE SURE THE DEGREE YOU WANT TO DO WILL LEAD TO A SPECIFIC JOB. I can't be the only person who has been pushed down this route. I can't believe we still push young people to spend ¬£thousands and three+ years of their lives for what will be a waste for most people.

Thanks for reading, just had to get this off my chest.",https://www.reddit.com/r/CasualUK/comments/8jxrvq/anyone_else_feel_like_uni_was_a_waste_of_time/,1526499084.0,51,0.91,110,CasualUK,[deleted]
8jxjkh,I've noticed something sinister about the latest Lidl advert...,"normal Lidl advert,

1) member of the public posts a diss on social media about Lidl.

2) Lidl invite said member of the public to a farm, possibly a staged set where a Cornish man or Italian shows them how good his produce is.

3) advert ends with a satisfied member of the public.


latestst Lidl advert...

1) woman slags off Lidl's potato via social media.

2) cut straight to a farmer in Jersey banging on about how good his potatoes are.


So where was the invite to the farm on sunny jersey?

we can only assume that stage 2 went horribly wrong, maybe the curb-side 'collection' team identified the wrong person, they put up some resistance and refused to get into the van with the darkened windows, even when force was applied or somesort of 'medical chemical', everything went pear shaped, they had to ditch the corpse and pretend it never happened, they still filmed the Jersey scene though, good for them.",https://www.reddit.com/r/CasualUK/comments/8jxjkh/ive_noticed_something_sinister_about_the_latest/,1526497337.0,81,0.97,20,CasualUK,miraoister
8jxe5b,My parents saw this little gem in Sri Lanka.,,https://i.redd.it/8u9362kcj9y01.jpg,1526496176.0,230,0.98,20,CasualUK,Mandirustag
8jwehz,Only the finest gourmet selection at M&amp;S,,https://i.redd.it/1n0vs7ijx8y01.jpg,1526488935.0,175,0.98,35,CasualUK,Putin-the-fabulous
8jwacw,"This is today's team on The Chase, no word of a lie",,https://i.imgur.com/hOXR5jj.jpg,1526488057.0,437,0.97,37,CasualUK,Hassaan18
8jw6g3,"How Londoners fish, apparently",,https://i.imgur.com/fAWbZiy.jpg,1526487258.0,228,0.98,15,CasualUK,Swiftarm
8jvsn1,Another big supermarket merger,[deleted],https://i.redd.it/9f3kf0g9k8y01.jpg,1526484388.0,217,0.99,7,CasualUK,[deleted]
8jvmbd,"Taking the bloody piss, here. This is a full packet apparently.",,https://imgur.com/DSxtW9O,1526483069.0,101,0.95,25,CasualUK,guitarman565
8jv2ml,"Marvel Studios' ""Infinity War"" is the greatest cross over of all time...",,https://i.redd.it/cl7iv4ej38y01.png,1526478754.0,83,0.86,29,CasualUK,[deleted]
8juqxf,So I didn't get an England call up.,"It was always a long shot but as a non footballer in my early 30s I think this was my last chance. Best of luck to the lads, I'll be supporting them from home. ",https://www.reddit.com/r/CasualUK/comments/8juqxf/so_i_didnt_get_an_england_call_up/,1526475936.0,208,0.95,30,CasualUK,Geordant
8juq1o,Check out my giant Wotsit,,https://i.imgur.com/b8RZJ4o.jpg,1526475704.0,88,0.97,19,CasualUK,kenbw2
8julh6,Come down to Mercedes world. They have Tinie Tempahs old smart car.,,https://i.redd.it/j8nsg8vvq7y01.jpg,1526474500.0,75,0.95,18,CasualUK,redunculuspanda
8jud2q,It‚Äôs holiday time. Obligatory airport pint photo. Time for some honeymoon sun. See you in a few weeks r/CasualUK,,https://i.redd.it/h8mbsvf7k7y01.jpg,1526472261.0,97,0.88,17,CasualUK,Klopptomaniac
8jucaw,Unexpected self awareness,[deleted],https://i.redd.it/wchfabojj7y01.jpg,1526472059.0,215,0.97,17,CasualUK,[deleted]
8ju7t7,Dunking coffee flavoured biscuits in tea like an absolute lunatic.,,https://i.imgur.com/mwgFeNX.jpg,1526470799.0,199,0.94,49,CasualUK,9DAN2
8ju3dd,"Found half a box of these, anyone hungry? Expiration date September 2009.",[deleted],https://i.imgur.com/pr2Ajt2.jpg,1526469482.0,70,0.93,42,CasualUK,[deleted]
8ju2nu,My culture is NOT your goddam dress.,,https://i.redd.it/7v5lae97b7y01.jpg,1526469249.0,167,0.88,16,CasualUK,McLaconicus
8ju04n,"Cilla Black utterly destroying an undercover journalist on Blind Date, proving beyond doubt she is Britain's greatest assassin bar none",,https://www.youtube.com/watch?v=Gm7FQ_shyjg,1526468436.0,89,0.96,33,CasualUK,[deleted]
8jttg1,I walked out of my job at student loans today :D,[deleted],https://www.reddit.com/r/CasualUK/comments/8jttg1/i_walked_out_of_my_job_at_student_loans_today_d/,1526466082.0,238,0.88,116,CasualUK,[deleted]
8jto6l,Don't you just hate it when your best mate turns up wearing the same outfit?,,https://i.redd.it/3oeyrkrew6y01.jpg,1526464263.0,336,0.96,27,CasualUK,c0253484
8jtjea,I heard a rumour that Cadbury is bringing out an oriental chocolate bar.,[deleted],https://www.reddit.com/r/CasualUK/comments/8jtjea/i_heard_a_rumour_that_cadbury_is_bringing_out_an/,1526462468.0,839,0.95,30,CasualUK,[deleted]
8jtfv4,This bad boy on the A174,,https://i.imgur.com/x7zuadI.jpg,1526461144.0,82,0.9,19,CasualUK,Noise42
8jtfl1,"Too real, Asda.",,https://i.imgur.com/EWI1NyH.jpg,1526461039.0,9516,0.94,312,CasualUK,UKCSTeacher
8jt9rb,Is it just me who ends up ripping these packets EVERY TIME?,,https://i.redd.it/0mqhfcqwf6y01.jpg,1526458701.0,220,0.98,28,CasualUK,aymesyboy
8jsx65,The day after my local Spoons set alight.,,https://i.redd.it/k75ikeqq16y01.jpg,1526453938.0,801,0.99,75,CasualUK,GreenApo
8jsrt3,So sad but so true,,https://i.redd.it/1j6d3rfyv5y01.jpg,1526451992.0,358,0.98,33,CasualUK,feenbank
8jsf6k,Are you a Kiwi?,"I don't mean the fruit, I mean a hairy palmed troglodyte from the ~~arse~~ ~~end~~ other side of the world.

If so then get your knuckles off the floor and onto your keyboard because /r/CasualNZ has gone live. Go and give it some help.

Wa Ka Mi Ma Ma!",https://www.reddit.com/r/CasualUK/comments/8jsf6k/are_you_a_kiwi/,1526447619.0,130,0.94,35,CasualUK,HPB
8jrv1d,Letting my Lancastrian girlfriend know what‚Äôs what when she visits.,,https://i.redd.it/9ejpn4gv05y01.jpg,1526441538.0,440,0.95,67,CasualUK,crashtacktom
8jrpqs,Just watching Peter Kays Car Share and they drove past this hairdressers. At first glance I read ‚ÄúMega Clitz‚Äù...,,https://i.redd.it/in5se8xew4y01.jpg,1526440046.0,52,0.92,16,CasualUK,[deleted]
8jq6y9,Ramadan Mubarak!,"There's some debate about whether it should be started today or tomorrow, but either way I'll wish everyone a happy and blessed Ramadan if you're celebrating it. 

üïå‚ù§Ô∏è",https://www.reddit.com/r/CasualUK/comments/8jq6y9/ramadan_mubarak/,1526426729.0,88,0.7,60,CasualUK,HrabraSrca
8jptk1,This show used to scare the hell out of me as a kid but I still watched it,,https://i.redd.it/pbq09r47j3y01.gif,1526423496.0,71,0.94,28,CasualUK,rubenroadtrip1
8jprju,That's one hell of a loo brush!,,https://imgur.com/Jct6Mn9,1526423020.0,53,0.88,4,CasualUK,TenTornadoes
8jpobb,Sorry... why was the train cancelled?,,https://i.redd.it/q5luo1ikf3y01.jpg,1526422268.0,142,0.99,19,CasualUK,dave_benson_phillips
8jpfs8,The BBC being creepy about Meghan Markle,[removed],https://www.reddit.com/r/CasualUK/comments/8jpfs8/the_bbc_being_creepy_about_meghan_markle/,1526420393.0,49,0.94,7,CasualUK,AgentSmithOnline
8jpbzn,"Opt-in email, calls and texts from Mum? No, mine can contact me to talk 24/7 every single day if she wants, she won't be around for ever.",,https://i.redd.it/gaxmzbfb73y01.png,1526419560.0,144,0.94,14,CasualUK,UncleQuentin
8jo8io,"""So here we are, here's Henry, and here we are at the Thames...""",,https://v.redd.it/cj2cu5jti2y01,1526411323.0,5587,0.97,169,CasualUK,Revverul
8jnzcv,Nice weather we're having,,https://i.redd.it/l0rb3alid2y01.jpg,1526409491.0,52,0.98,5,CasualUK,Nicksaurus
8jn90m,Saw this absolute boyo outside maccies today,,https://i.redd.it/rrdkmvc4x1y01.png,1526404056.0,137,0.96,26,CasualUK,Doshy36
8jn2b2,The vending machine seems to be having a bad day,,https://i.redd.it/cs3u00aet1y01.jpg,1526402701.0,50,0.92,5,CasualUK,BloodAndSand44
8jml5a,Just spent the last half hour explaining what ‚Äòfilm in the camera‚Äô means to my 5 year old.,,https://i.redd.it/wc4ibonoi1y01.jpg,1526399104.0,199,0.99,59,CasualUK,Pinkvanilla
8jlrcb,Who remembers this cbbc comedy masterpiece? üëπ‚òùüèª,,https://youtu.be/4UbUAP-8hCs,1526392624.0,61,0.93,19,CasualUK,zz-zz
8jks1t,Tad passive aggressive...,,https://i.redd.it/n4ak0jdn70y01.jpg,1526383281.0,207,0.96,29,CasualUK,ThegreatestPj
8jkivo,Does anyone else have an irrational hatred for those fake Tesco 'love stories'?,,https://www.reddit.com/r/CasualUK/comments/8jkivo/does_anyone_else_have_an_irrational_hatred_for/,1526380158.0,105,0.96,39,CasualUK,blackmagic70
8jkfil,Another example of a repurposed phone box.,,https://i.redd.it/etacmn5yuzx01.jpg,1526379016.0,110,0.97,14,CasualUK,-Bungle-
8jkb2u,Paid ¬£3.95 to have a picture of my front door,"Bought a laptop on Monday and paid for next day delivery, I get my time slot from DPD, I wait patiently and all of a sudden I get a text saying they couldn't deliver the parcel because I wasn't in, with a picture of my front door proving they'd tried - did they knock, ring the door bell -- absolutely not.

So here I am, humiliated, sad, angry and down ¬£3.95 just to get a picture of my door...",https://www.reddit.com/r/CasualUK/comments/8jkb2u/paid_395_to_have_a_picture_of_my_front_door/,1526377433.0,200,0.97,92,CasualUK,GhostMotley
8jk9dl,My latest attempt to keep my milk safe in a shared office fridge,,https://i.redd.it/xvx0fyacozx01.jpg,1526376787.0,85,0.94,47,CasualUK,rumbelows
8jk530,Found this at my local Sainsbury's...,,https://i.redd.it/tynvegyejzx01.jpg,1526375138.0,16708,0.94,361,CasualUK,elishahh
8jk396,Tango used to make some mad adverts back in the day.,,https://www.youtube.com/watch?v=fGjizZCXetk,1526374413.0,53,0.94,26,CasualUK,1xxxxxxxxxxxxxxxxxxx
8jjzby,"Seen a few pictures taken in the Lake District, here is mine from early this morning.",,https://i.redd.it/dnje0o9kczx01.jpg,1526372873.0,102,0.98,11,CasualUK,DeadYen
8jjjo0,My encounter with hooligan year 7‚Äôs,"I was walking to school and this trio of hooligan year 7‚Äôs came to me and pulled my earphones out and said, ‚Äúare you gay‚Äù

So I wanted to spice this up a little, me being me, I replied ‚Äúyeah, sure, are you?‚Äù 
Year 7 ‚ÄúNah wtf that‚Äôs gay‚Äù 
Me, ‚Äúim sure as hell gay for you‚Äù 
Then they ran away calling me a fag. Lmao",https://www.reddit.com/r/CasualUK/comments/8jjjo0/my_encounter_with_hooligan_year_7s/,1526366865.0,252,0.93,107,CasualUK,CatSuyac
8jgtuq,Douglas Reynholm is a national hero,,https://i.imgur.com/dffHxab.jpg,1526339861.0,260,0.97,18,CasualUK,delqhic
8jgk8h,There's been a murder,,https://i.imgur.com/LB4gO7D.png,1526337497.0,229,0.97,38,CasualUK,fireball_73
8jg7h1,I don‚Äôt know what to do with my clubcard! Just put it everywhere???,,https://i.redd.it/celssstm6wx01.jpg,1526334511.0,80,0.93,18,CasualUK,Doily17
8jfwpw,I'm only temp in Surrey while my place in London is being sorted. I've never had a garden before and think I'll have a tear when I leave.,,https://i.imgur.com/mqTyN4I.jpg,1526332154.0,64,0.93,22,CasualUK,Anathemachiavellian
8jftqv,Man sent by wife to buy curtains. Buys Stonehenge instead,,https://i.imgur.com/qR3kncb.jpg,1526331542.0,3389,0.98,68,CasualUK,liketo
8jfr5n,New hobby: photographing the car DAB display to misrepresent the innuendo value of Radio 4,,https://i.redd.it/xf4kah8qvvx01.jpg,1526330972.0,71,0.97,16,CasualUK,pineapplecharm
8jf7b8,"Oooh shit, TV camera. Best keep out of shot",,https://twitter.com/VanCommander/status/996002299695763456,1526326914.0,67,0.98,6,CasualUK,KoloKolo4
8jf410,Is it me or is this DFS advert seriously messed up? The people are made out of fabric and so are the sofas...it‚Äôs the equivalent of us sitting on sofas made of human skin. Ugh!!,,https://i.redd.it/arqkck60ivx01.jpg,1526326228.0,287,0.93,35,CasualUK,Whiteshadows86
8jeeei,Bogs in bloom,,https://i.redd.it/8mtlubm82vx01.jpg,1526320930.0,63,0.95,9,CasualUK,yorkshire_lass
8je1rz,Babbacombe Model Village being overrun by GIANT DUCKLINGS,,https://pbs.twimg.com/media/DdFnmKtWAAA7JDL?format=jpg&amp;name=900x900,1526318313.0,63,1.0,7,CasualUK,loudribs
8jdwqv,Wonderful end to Monday for someone!,,https://imgur.com/XEMLqtU,1526317277.0,95,0.98,24,CasualUK,Carl811
8jdtjt,A national treasure,,https://i.imgur.com/hC0ZLvp.gifv,1526316613.0,512,0.98,23,CasualUK,moxtoby
8jdf3f,"Again, cow",,https://i.redd.it/jt4f84jigux01.jpg,1526313642.0,148,0.97,25,CasualUK,LeapingWyvern
8jdad1,"To complete the most British of long car journeys, or even just a pop to the shops, get down to a TK Maxx near you.",,https://i.redd.it/ht8aevtodux01.jpg,1526312690.0,71,0.96,30,CasualUK,HadHerses
8jd5s2,A sign outside a church in Blackpool,,https://i.redd.it/g1mln2ruaux01.jpg,1526311744.0,987,0.99,51,CasualUK,acooldolphin
8jd329,"I don‚Äôt know, I didn‚Äôt think the song was that bad",,https://i.redd.it/oaasrlka9ux01.jpg,1526311194.0,57,0.95,17,CasualUK,m4r71n2010
8jcjl8,Never has a sign made me want to buy a news paper this much,,https://i.redd.it/ldca0xi1xtx01.jpg,1526307075.0,249,0.98,21,CasualUK,duckface27
8jcj6c,"feeling like a master criminal for using two 20p coins in the Tesco trolley, rather than a ¬£1 coin",,https://i.redd.it/702p4nnrwtx01.jpg,1526306984.0,249,0.97,36,CasualUK,thearguablepear
8jc3a3,"Found the worst offer ever. Spend 60 grand on a car, get ¬£12 worth of kid's cinema tickets (adult tickets not included)",[deleted],https://i.redd.it/9022zv8smrx01.jpg,1526303348.0,1251,0.99,101,CasualUK,[deleted]
8jbmvr,TIL Virgin serves hot dogs,,https://i.redd.it/nn2oxlpi8tx01.jpg,1526298858.0,137,0.96,15,CasualUK,BlackShuckChuck
8jbi80,Think someone should tell them?,,https://imgur.com/2985kGz,1526297407.0,130,0.97,22,CasualUK,Mr_Chiddy
8jbdsd,Prince William at ‚Äòthe world‚Äôs worse waxworks‚Äô that recently closed,,https://i.imgur.com/I43gcY2.jpg,1526295939.0,139,0.99,23,CasualUK,liketo
8jbbb5,Sunny sunday spent in a real ale fest in a pub's back garden. Everyone lovely and having a great time. Peak UK right there! :),,https://i.redd.it/u45o8pzkxsx01.jpg,1526295150.0,88,0.97,23,CasualUK,gococci
8jb1v3,Just another day at university,,https://i.redd.it/n7wswn3cnsx01.jpg,1526291700.0,106,0.97,22,CasualUK,Hyperion1221
8jaw2s,Tesco takes home delivery seriously.,[deleted],https://i.redd.it/ip6e9a2agsx01.jpg,1526289427.0,455,0.98,37,CasualUK,[deleted]
8jaocv,York Minster looking brilliant in the sunshine,[deleted],https://imgur.com/jVy82ED,1526286295.0,74,0.99,9,CasualUK,[deleted]
8jajrl,The best comedy film of all time? From our country?,[deleted],https://i.redd.it/xuvvs0ij1sx01.jpg,1526284371.0,391,0.94,232,CasualUK,[deleted]
8jag50,"Respect to the bin men, i mean my local bin man just put his hands in my black bin and pulled out my dogs old bed that had been jammed at the bottom, that's disgusting&amp; with out them we'd have to all dispose of our rubbish, that would mean ferrying it in our cars. We'd be fucked without them.",,https://www.reddit.com/r/CasualUK/comments/8jag50/respect_to_the_bin_men_i_mean_my_local_bin_man/,1526282856.0,241,0.97,28,CasualUK,probably420stoned
8jab9f,Anybody else get crazy with the big screen when the wife isn‚Äôt home?,,https://i.imgur.com/Xc7SAJ1.jpg,1526281035.0,470,0.96,50,CasualUK,9DAN2
8ja7r2,"Cracking bit of new tech used in an old package! Wentworth, Rotherham, South Yorkshire",,https://i.redd.it/61bt2b9jnrx01.jpg,1526279661.0,8119,0.96,372,CasualUK,ThegreatestPj
8j9wq0,Good luck to everyone sitting their GCSEs from today,"Not sure how many Y11 we have here, but good luck everyone. Just don't do too well- I want low grade boundaries.",https://www.reddit.com/r/CasualUK/comments/8j9wq0/good_luck_to_everyone_sitting_their_gcses_from/,1526275573.0,1121,0.96,298,CasualUK,Benjaminook
8j75av,"You tried, Sainsbury's.",,https://i.redd.it/kwnv4o6fyox01.jpg,1526247002.0,52,0.94,5,CasualUK,soupermaario
8j70nw,The Green Man is one of the most ancient pagan symbols to be found in the Christian church,,https://i.imgur.com/7Cwpe5j.jpg,1526245887.0,131,0.98,15,CasualUK,liketo
8j6wtc,Does anyone else think that Beck's smells like weed?,[deleted],https://i.redd.it/nniw594ksox01.jpg,1526245030.0,643,0.95,78,CasualUK,[deleted]
8j6ric,The UK is stunning sometimes: today on the Worcestershire Beacon (Malvern Hills). Amazing scenery and bonus paragliders!,,https://i.imgur.com/UaUp5ch.jpg,1526243788.0,405,0.99,38,CasualUK,ghostmoon
8j6lfj,"On second thoughts, you're alright Sainsbo's",,https://i.redd.it/cuslk1vlkox01.jpg,1526242362.0,49,0.87,21,CasualUK,Sidders1993
8j6jse,There's a pigeon on my skylight,,https://i.imgur.com/zjXc7aC.jpg,1526241970.0,372,0.98,15,CasualUK,kumquat_may
8j5tvu,Enjoying the 15¬∞C up in Scotland,,https://i.imgur.com/fJ9pUjj.jpg,1526236099.0,202,0.96,33,CasualUK,xebraa
8j5s1l,"Met the guy who plays Raven in the CBBC show today! Such a nice guy, very funny and laid back.",,https://i.redd.it/ozyqcmhq0ox01.jpg,1526235676.0,374,0.96,43,CasualUK,MisunderstoodToast
8j5q07,Small town Facebook groups are always full of gold,,http://imgur.com/U0uDqFj,1526235204.0,272,0.99,41,CasualUK,calls_you_a_bellend
8j5o1f,Anyone else excited for the rugby in 600 years?,,https://imgur.com/Xkw0AnP,1526234768.0,146,0.98,9,CasualUK,[deleted]
8j5kh3,"In the field behind my house, there is cow",,https://i.redd.it/21pm9osmvnx01.jpg,1526233960.0,550,0.98,62,CasualUK,LeapingWyvern
8j5e41,Above Derwent Water in the Lake District today.,,https://imgur.com/rNW41qe,1526232481.0,87,1.0,15,CasualUK,Emsicals
8j5a77,Are there only brits in here? I am Armenian and love everything UK. Hope I will be welcome :),,https://www.reddit.com/r/CasualUK/comments/8j5a77/are_there_only_brits_in_here_i_am_armenian_and/,1526231576.0,138,0.91,135,CasualUK,ingshki2003
8j53om,Charles Dickens never visited a Costa Coffee. Fact.,,https://i.redd.it/omff6n14knx01.jpg,1526230107.0,159,0.97,30,CasualUK,Headtenant
8j4n2j,My culture is NOT your goddamm prom dress,,https://i.imgur.com/TJdJ1ZJ_d.jpg?maxwidth=640&amp;shape=thumb&amp;fidelity=medium,1526226229.0,2124,0.96,55,CasualUK,DC38x
8j4meo,The people of this sub are truly quite fantastic,"Beautifully sarcastic and brutally honest in equal measure, but as soon as someone oversteps that line from being a dick(lol) to being an actual DICK, everyone rallies around to come to the defence with true UK class... Cos ""Bloody hell. Who pissed in your cornflakes this morning?""",https://www.reddit.com/r/CasualUK/comments/8j4meo/the_people_of_this_sub_are_truly_quite_fantastic/,1526226077.0,53,0.9,18,CasualUK,lilgeoffrey
8j4k4o,I've found a picture that perfectly represents the lovely people of this sub,,https://imgur.com/5zc9RUV,1526225533.0,332,0.98,11,CasualUK,allinighshoe
8j4irq,French Clothing Brand Being Honnest,,https://i.redd.it/xrggna2m5nx01.jpg,1526225209.0,65,0.96,10,CasualUK,internal_500
8j49y6,My friend was sure to pack the essentials for his holiday...,,https://gfycat.com/NimbleColossalChinesecrocodilelizard,1526223030.0,257,0.97,11,CasualUK,DonXIII
8j4844,Made my girlfriend a romantic hangover breakfast this morning,,https://imgur.com/BCcbeTI,1526222554.0,1036,0.97,64,CasualUK,copuncle
8j3zh7,"The Atlas of True Names reveals the etymological roots, or original meanings, of the familiar terms on today's maps",,https://i.imgur.com/sCInJzr.jpg,1526220313.0,146,0.98,62,CasualUK,liketo
8j3uom,"Ive got two day passes for Zones 1-6 in London, and as I am going back home today I want to give them to someone who wants one. Message me if you want them, I am currently in Euston Station. Its one child ticket and one adult.",,https://i.redd.it/q8yx9egzmmx01.jpg,1526218946.0,67,0.95,4,CasualUK,g1obungle
8j38il,Trying his luck in the Metro,,https://i.imgur.com/8lnJszP.jpg,1526211596.0,64,0.98,5,CasualUK,seanbear
8j2yg7,What high street isn't complete without a nun riding through on a motorised piano?,,https://www.youtube.com/watch?v=UP-4t-lsYuY,1526207220.0,56,0.92,16,CasualUK,packt_like_sardines
8j2vni,Reet proper Yorkshire number plate,,https://imgur.com/dmtcQ0f,1526205927.0,322,0.99,16,CasualUK,lukesb
8j2r5o,Who's nan is this?,[deleted],https://i.imgur.com/mCezJ5K.gifv,1526203797.0,371,0.98,47,CasualUK,[deleted]
8j2p3s,This train times app has the Hogwarts Express!,,https://i.redd.it/a6tp0bgralx01.png,1526202817.0,100,0.91,9,CasualUK,Ahoy76
8j2grt,"""we have confirmation that the Eurovision stage invsder was in fact protesting the soaring price of freddos in the uk""",,https://i.redd.it/vb12pq3lzkx01.jpg,1526198965.0,10212,0.91,417,CasualUK,_bonsai
8j2fj5,A&amp;E bingo,"The other half has pulled his back out and can't walk so my mil has driven us to A&amp;E.

What can we add to our British Bingo?

So far we have:
Woman in pajamas, someone with teatowel wrapped around appendage, Sunday morning 5 aside injury, hopeful drug addict. ",https://www.reddit.com/r/CasualUK/comments/8j2fj5/ae_bingo/,1526198422.0,80,0.93,73,CasualUK,Chamerlee
8j2bmv,Royal wedding run up megathread,"Do us all a favour and post all royal wedding related stuff here. 

All other posts will be removed and you‚Äôll be asked to post here. ",https://www.reddit.com/r/CasualUK/comments/8j2bmv/royal_wedding_run_up_megathread/,1526196622.0,128,0.85,288,CasualUK,GFoxtrot
8j22zz,Penguins escaped from Blackpool zoo ?,,https://i.imgur.com/AL2pews.jpg,1526192867.0,252,0.98,28,CasualUK,Trix209
8izmda,Greggins,,https://i.redd.it/149l6wsx8ix01.jpg,1526165790.0,415,0.96,21,CasualUK,Aquagenie
8izfy0,Meanwhile in London.,,https://i.redd.it/cjwnawat3ix01.jpg,1526164067.0,179,0.98,9,CasualUK,RainbowCloud5
8izf3q,Paul O‚ÄôGrady makes surprise appearance on Eurovision,,https://i.redd.it/z6flsb533ix01.jpg,1526163824.0,115,0.93,7,CasualUK,menoknowgoodusername
8iyeuf,"""What about the customers, boss?"" ""Let 'em burn!""",,https://imgur.com/QgpgiST,1526154174.0,169,0.98,10,CasualUK,BottleGoblin
8iyb4x,Someone made a difficult choice today. The struggle is real.,,https://i.redd.it/6308f7oi7hx01.jpg,1526153205.0,325,0.95,16,CasualUK,CHARL13is
8iy0ob,Started cleaning the garden,,https://i.redd.it/t4blj4amzgx01.jpg,1526150573.0,67,0.89,17,CasualUK,teamsmush
8ixptk,A Casual Gate,,https://i.redd.it/7d7i1muergx01.jpg,1526147827.0,129,0.98,20,CasualUK,saturos
8ixmx2,"Spotted in an arcade in Margate, I think I stepped into a time machine",,https://i.redd.it/npl2354cpgx01.jpg,1526147105.0,202,0.98,39,CasualUK,BrassBallsComedy
8ixhrf,Free Chester draws,[deleted],https://i.redd.it/ienlt3zhlgx01.jpg,1526145821.0,118,0.95,22,CasualUK,[deleted]
8ix7ix,"LPT: It's not Mother's Day tomorrow. It was in March, you're good for 2018!",,https://www.reddit.com/r/CasualUK/comments/8ix7ix/lpt_its_not_mothers_day_tomorrow_it_was_in_march/,1526143266.0,183,0.97,4,CasualUK,frank-darko
8ix7ek,The CasualUK Eurovision Megathread!,"This is the big one, ladies and gentlemen! Gear up for an evening of awful pop music, weird set designs, in your face presenters  and good old 'nil point'. **BBC One, 8pm**. This year it's over in Portugal after their dour effort somehow won it last it year. [BBC IPLAYER LINK HERE](https://www.bbc.co.uk/iplayer/live/bbcone)

I don't listen to any of the songs before the event itself, but I assume that our own entry is awful and we've made another attempt to take it seriously. Other important things to note.

- Our spokesperson is the wonderful Mel Geidroyc. Not sure what Sue's up to.

- Australia are here, again. It still doesn't really make sense. Will they have learnt how to cheat like the Australian men's cricket team?

- Have the Irish ever really recovered after 'My Lovely Horse'?

- Will Cristiano Ronaldo be there?

- Which drinking game will prove most successful across the world?

According to the bookies Cyprus are the favourites, followed by Israel and then the Irish. You can get us to win at 350/1 apparently, but you may as well put your money on the floor and say 'take it'

In an vain attempt to make this all look professional, here's the running order! I like the sound of Norway's entry.


| Number   | Artist   | Song    | 
|:-----------|------------:|:------------:|
| 1  |Ukraine üá∫üá¶ - MELOVIN| [Under The Ladder](https://www.youtube.com/watch?v=DJ9ajcic9fI)
| 2  |	Spain üá™üá∏  - Amaia y Alfred | [Tu Canci√≥n](https://www.youtube.com/watch?v=nO4mDiJRH6Q) 
| 3  | Slovenia üá∏üáÆ  - Lea Sirk | [Hvala,ne!](https://www.youtube.com/watch?v=kiysnSG6a3I)
| 4  | Lithuania üá±üáπ - Ieva Zasimauskaite | [When You're Old](https://www.youtube.com/watch?v=CvG3sdGdGUA)
| 5  |Austria üá¶üáπ - Cesar Sampson | [Nobody But You](https://www.youtube.com/watch?v=I8MyztgOTv8)
| 6  |Estonia üá™üá™ - Elina Nechayeva | [La Forza](https://www.youtube.com/watch?v=1hz9KtdUAoU)
| 7  | Norway üá≥üá¥ - Alexander Rybak | [That's How You Write A Song](https://www.youtube.com/watch?v=SixPA1jhynE)
| 8  | Portugal üáµüáπ - Cl√°udia Pascoal | [O Jardim](https://www.youtube.com/watch?v=kaVp4El9p3s)
| 9  |United Kingdom üá¨üáß - SuRie| [Storm](https://www.youtube.com/watch?v=K--kIdOpbJM)
| 10 | Serbia üá∑üá∏ - Sanja Iliƒá &amp; Balkanika | [Nova Deca](https://www.youtube.com/watch?v=WkOFnIjGrkw)
| 11 | Germany üá©üá™  - Michael Schulte | [You Let Me Walk Alone](https://www.youtube.com/watch?v=rp27Ggo_edo)
|12  | Albania üá¶üá± - Eugent Bushpepa | [Mall](https://www.youtube.com/watch?v=o-i2Rjbq8nw)
|13  | France üá´üá∑ - Madame Monsieur | [Mercy](https://www.youtube.com/watch?v=c-5UnMdKg70)
|14  | Czech Republic üá®üáø - Mikolas Josef | [Lie To Me](https://www.youtube.com/watch?v=DLGfxc3eTNw)
|15  | Denmark üá©üá∞ - Rasmussen | [Higher Ground](https://www.youtube.com/watch?v=XeraDSzu0nw)
|16  | Australia üá¶üá∫ - Jessica Mauboy | [We Got Love](https://www.youtube.com/watch?v=J4XZxbrvepw)
|17  |  Finland üá´üáÆ - Saara Aalto | [Monsters](https://www.youtube.com/watch?v=syjrB5lVIQI)
|18  |  Bulgaria üáßüá¨ - EQUINOX | [Bones](https://www.youtube.com/watch?v=Uvy_R3fTHQ4)
|19  |  Moldova üá≤üá©  - DoReDoS | [My Lucky Day](https://www.youtube.com/watch?v=pKLKeVC-9Y4)
|20  |  Sweden üá∏üá™ - Benjamin Ingrosso | [Dance You Off](https://www.youtube.com/watch?v=U2UmYBkszOA)
|21  |  Hungary üá≠üá∫ - AWS | [Viszl√°t Ny√°r](https://www.youtube.com/watch?v=QQgurXKh42U)
|22  | Israel üáÆüá± - Netta | [TOY](https://www.youtube.com/watch?v=CziHrYYSyPc)
|23  | The Netherlands üá≥üá±  - Waylon | [Outlaw In 'Em](https://www.youtube.com/watch?v=8TowcElmyek)
|24  | Ireland üáÆüá™  - Ryan O'Shaughnessy | [Together](https://www.youtube.com/watch?v=XAEjQXzW4Uc)
|25  | Cyprus üá®üáæ - Eleni Foureira | [Fuego](https://www.youtube.com/watch?v=54PHdAEmJkM)
|26  | Italy üáÆüáπ - Ermal Meta e Fabrizio Moro | [Non Mi Avete Fatto Niente](https://www.youtube.com/watch?v=gs2n5JY0QzQ)



So yeah, discuss all the happenings amongst yourself in true CasUK style. At a party? Chilling at home? Voting for Hungary 94 times on the phone? Do tell!

Have a lovely Eurovision evening.",https://www.reddit.com/r/CasualUK/comments/8ix7ek/the_casualuk_eurovision_megathread/,1526143232.0,236,0.95,3884,CasualUK,_rickjames
8ix494,A casual UK,,https://i.redd.it/h038yngibgx01.jpg,1526142442.0,102,0.95,16,CasualUK,LoudSlip
8iwu6k,Only the finest of all lagers,,https://i.imgur.com/3Tx9W5O.jpg,1526139928.0,70,0.97,25,CasualUK,[deleted]
8iw0qk,My culture is not your goddamn brunch,,http://imgur.com/4rrGJBs,1526131775.0,364,0.97,33,CasualUK,Whenindoubtbrewup
8ivv6k,The Spar down the road is promoting local synth bands,,https://imgur.com/KYhjQ2N,1526130016.0,197,0.97,13,CasualUK,heurrgh
8ivudt,Are there any street names that are more literal than Lincoln's very-aptly named Steep Hill?,,https://i.redd.it/s5sd74jm9fx01.jpg,1526129759.0,102,0.98,59,CasualUK,Look_Alive
8ivmku,Total anarchy here in Gloucester this afternoon,,https://i.imgur.com/H0NLEvA.jpg,1526126973.0,115,0.98,48,CasualUK,What_A_Shocker
8ivie2,My hometown hosts Kettfest every year. They clearly tried to appeal to the younger audience with that name.,,https://i.redd.it/yod1ah4wwex01.jpg,1526125418.0,83,0.99,14,CasualUK,Willyamsss
8ivf5t,"I did really well on a round of the quiz show Who Dares Wins, only to discover I wrote the category they were using.","It was name the top 100 of something. At the end I noticed the source was a website I used to work on, and they took the list from one of my articles. Only, I made it up as I went along, by the time I got to 60 I was just naming anything I could. Feel sorry for the pair who lost!",https://www.reddit.com/r/CasualUK/comments/8ivf5t/i_did_really_well_on_a_round_of_the_quiz_show_who/,1526124134.0,87,0.96,6,CasualUK,The-Go-Kid
8ivbsk,Those good times...,,https://i.redd.it/dwsncqi2pex01.jpg,1526122787.0,125,0.96,17,CasualUK,Stef4Q
8iv9jv,I like big butts and I cannot lie.,,https://i.redd.it/mbsnc755mex01.jpg,1526121802.0,132,0.89,6,CasualUK,DeadYen
8iv7rt,A bar dedicated to true casuals,,https://i.redd.it/90szlqbtjex01.jpg,1526121025.0,111,0.97,7,CasualUK,c0253484
8iv744,Sister was driving behind this truck yesterday,,https://i.redd.it/tg4sgpsxiex01.jpg,1526120728.0,177,0.96,13,CasualUK,sabbathareking
8iutn9,"Tom, Dick Ann Harry.",,https://i.redd.it/zv8c8env0ex01.jpg,1526114659.0,818,0.98,23,CasualUK,OhHiFelicia
8iuk8l,"8.30am, Gatwick Airport.",,https://i.redd.it/9vmt38vxndx01.jpg,1526110322.0,514,0.98,93,CasualUK,[deleted]
8iuk3f,Did Naga on bbc breakfast really just ask a volcano expert if the Hawaii volcano can be stopped by putting explosives in the crater ?,I‚Äôve heard everything now. Is she secretly Bond villain ?,https://www.reddit.com/r/CasualUK/comments/8iuk3f/did_naga_on_bbc_breakfast_really_just_ask_a/,1526110266.0,62,0.98,17,CasualUK,random-name-94
8iubbk,Been a long time.,"Just had that thing where you wake up thinking it's a week day but it's the weekend and you don't have work, honestly I'm so happy I might have a little cry. ",https://www.reddit.com/r/CasualUK/comments/8iubbk/been_a_long_time/,1526106591.0,131,0.97,22,CasualUK,TheLaudMoac
8irwlm,Can I just say I genuinely love this subreddit,"With all the doom and gloom in the uk subreddit and everything that is going on in the world, I genuinely enjoy / look forward to seeing what is new here each day. 

Thank you to you all who make this subreddit what it is. 

Cheers ",https://www.reddit.com/r/CasualUK/comments/8irwlm/can_i_just_say_i_genuinely_love_this_subreddit/,1526078776.0,198,0.94,49,CasualUK,silverbullet1989
8irtd0,What is going on with our 13 year olds !?,[deleted],https://i.redd.it/sr8c9rbmzax01.png,1526077907.0,62,0.96,4,CasualUK,[deleted]
8irma2,Nobody mess with toast.,,https://i.redd.it/ge7hf7nvo8x01.gif,1526076139.0,55,0.92,1,CasualUK,baz2crazy
8ir8iv,"I've just bitten into an all chocolate, no wafer kit-kat chunky.",,https://i.redd.it/4954cnn9kax01.jpg,1526072779.0,306,0.98,49,CasualUK,painezor
8iqzub,First time I've felt sorry for Clarkson,[deleted],https://www.reddit.com/r/CasualUK/comments/8iqzub/first_time_ive_felt_sorry_for_clarkson/,1526070778.0,67,0.91,21,CasualUK,[deleted]
8iqrr9,Bored walking around Hobbycraft with my girlfriend...she thought I was immature but I think I‚Äôm hilarious!!,,https://i.redd.it/dw7by9eo9ax01.jpg,1526069191.0,1123,0.98,49,CasualUK,Whiteshadows86
8ipsan,Trying to enjoy Fish and Chips at the Seaside.,,https://v.redd.it/l5u6mti2m9x01,1526061366.0,239,0.98,29,CasualUK,CharityShopSmell
8ip9ii,Eggs (Weetabix) Benedict,,https://i.redd.it/0xe0co7wa9x01.jpg,1526057487.0,201,0.88,56,CasualUK,arabidopsis
8iolci,The one good thing about working on the till all day at my terrible job is that I got to ‚ÄúCatch em‚Äô All!‚Äù,,https://i.redd.it/dvgkyjz7v8x01.jpg,1526052216.0,74,0.97,17,CasualUK,HitlersFidgetSpinner
8iodp5,"Right, are we near enough to discuss our Eurovision drinking games yet?",[deleted],https://www.reddit.com/r/CasualUK/comments/8iodp5/right_are_we_near_enough_to_discuss_our/,1526050615.0,108,0.93,56,CasualUK,[deleted]
8inusr,"The pub I was in earlier had a residential cat (The White Bear, Farringdon)",,https://i.imgur.com/EsyX3IO.jpg,1526046313.0,301,0.97,56,CasualUK,stezzle
8ino8a,Anyone have experience getting TNT to be flexible with redelivery? We missed one today because the package was too heavy. Which is why we had it couriered.,[deleted],https://i.redd.it/nc3hsxbk88x01.png,1526044740.0,57,0.96,16,CasualUK,[deleted]
8inlcw,Britain‚Äôs Grandad,,https://i.redd.it/7cn7piuv68x01.jpg,1526044030.0,16724,0.9,679,CasualUK,xX-El-Jefe-Xx
8in70v,Post your meal deals - mine was ¬£2.56,,https://imgur.com/GQOtKfw,1526040240.0,70,0.91,21,CasualUK,Jackisback123
8in3re,Somebody stole the pay and display machine.,,https://i.redd.it/wxsqou8ss7x01.jpg,1526039292.0,134,0.97,23,CasualUK,_absent_minded_
8imqdu,So. Just Balls then. Yum.,,https://i.redd.it/5jhkzmk7g7x01.jpg,1526035064.0,79,0.92,46,CasualUK,simonjjames
8imoee,Who decided this was needed? How many women complained of ‚Äòstinky handles‚Äô beforehand? ü§î,,https://i.redd.it/myt97h32e7x01.jpg,1526034338.0,442,0.99,53,CasualUK,sweary_artist
8imkor,That feeling when u find a genuine artifact back from 2004!,,https://i.redd.it/lqxmndvu97x01.jpg,1526032923.0,212,0.97,45,CasualUK,combedcentaur7
8imjzy,Housemate got a budgie and it's incredibly annoying.,"I came home from work yesterday to a bird cage on the kitchen top, with a chirping blue budgie inside it. It turns out a housemate (one of the two who pays rent) got the bird (I don't know if it's a him or a her) 'on a whim' after seeing a local Facebook buying group was selling it with the cage for a few quid just down the road (he'd had a few cans when he made this decision, I think).

Anyway, my bedroom is above the kitchen and the CONSTANT chirping is incredibly annoying, it even harps until pretty late at night (and I need some early night sleeps for the two shifts where I open the deli). I Googled about getting rid of housemate pets and apparently it is possible to stop renters from having pets, but ONLY if it's in the contract when they move in. But this guy is friends with another of the housemates (who's on the mortgage) so we didn't have a contract written when he officially moved in (he moved in properly after a couple of months crashing at ours without paying anything except chipping in for beer crates). 

Is there any way to 'retroactively' draw up a contract that adds 'no pets' as a rule? I'm not against budgies as a concept, but the noise is really annoying and there's already seed shells and feathers on the kitchen top and floor, so I can already see it becoming a bigger issue (bare in mind, this bloke and the rest of the house didn't put the rubbish out after three weeks, so I'm not expecting they'll clean out the budgie and mess either). Also, money is tight and this would be an extra mouth to feed. I've got a day off today so I'm hoping to 'nip this in the bud' before he gets attached to it.",https://www.reddit.com/r/CasualUK/comments/8imjzy/housemate_got_a_budgie_and_its_incredibly_annoying/,1526032677.0,96,0.93,120,CasualUK,TopTrumpWANKER
8imipw,"NHS/Blood Donation text me 2:20 AM, to see if I would book another appointment.",,https://i.redd.it/ej3k9skm77x01.jpg,1526032174.0,139,0.93,58,CasualUK,pyro3366
8imh6n,Big up this mornings bus driver,At the bus stop on my phone waiting for the 376 to take me to work. Heard a honk and looked up to see the bus stopping and letting me on without me noticing it or waving it down. Got on and thanked him. Real g in these streets. ,https://www.reddit.com/r/CasualUK/comments/8imh6n/big_up_this_mornings_bus_driver/,1526031560.0,152,0.96,35,CasualUK,your_nan
8imfgs,Computer had been updating since 9:15am. How‚Äôs everyone‚Äôs mornings going?,,https://i.imgur.com/T80MMhQ.jpg,1526030893.0,694,0.98,159,CasualUK,quinn_drummer
8im464,My expat uncle is a community support worker in Alice Springs (Oz). I think he's starting to affect the locals with his CasualUK aura.,[deleted],https://i.redd.it/c2jnez28p6x01.jpg,1526026304.0,1118,0.96,41,CasualUK,[deleted]
8iltu3,"Right then, who's feeling brave?","Anyone care to take one for the team and give [this](https://m.imgur.com/a/Ii6djHi) a go?

I really cannot imagine who in their right mind would consider this a viable breakfast.

***

EDIT: u/arabidopsis has gone beyond the call of duty and prepared this [monstrosity](https://www.reddit.com/r/CasualUK/comments/8ip9ii/eggs_weetabix_benedict/)

Honestly I'm as keen to consume this as I am to chew on cotton wool, but apparently it's 'not too bad'. A valiant effort!",https://www.reddit.com/r/CasualUK/comments/8iltu3/right_then_whos_feeling_brave/,1526022187.0,643,0.98,136,CasualUK,scrubalub84
8ilqhd,What events arose spontaneously at your school?,"We used to have ""bunches day"" once a year. With no prior warning, the word would go round before assembly that today was bunches day, and EVERYONE had to put their hair in bunches. The girls would share our the spare hair ties we always kept around our wrists, and we'd all have bunches. All quite sweet, really. 


What terrible tale of misbehaviour and bullying will you sully this thread with? ",https://www.reddit.com/r/CasualUK/comments/8ilqhd/what_events_arose_spontaneously_at_your_school/,1526020966.0,82,0.95,190,CasualUK,mrsfran
8ijhz5,Professional stamp licker,,https://i.redd.it/r6hcdmmjy1x01.jpg,1525996936.0,937,0.99,27,CasualUK,LeahTheTard
8ij2fl,Found the ex‚Äôs car,,https://i.redd.it/i5j9jaeez3x01.jpg,1525993087.0,61,0.91,6,CasualUK,smilerlollie
8iiljh,Hermes don't even bother to deliver.,"Today marks the umpteenth time Hermes have ""attempted delivery"" to my house in the last few years. Each and every time, I or someone else has been at home all day. Today was special, I was even working outside. 

No slip in my mailbox or anything in an attempt to prove me wrong - the first I hear about it is when checking their online tracking. It's fairly obvious they didn't come anywhere near the house, how they have the gall to say they attempted delivery is beyond me.

Fuck them. On the off chance you get to assign delivery contracts for your company, fuck you if you choose Hermes. ",https://www.reddit.com/r/CasualUK/comments/8iiljh/hermes_dont_even_bother_to_deliver/,1525988977.0,74,0.96,42,CasualUK,4D-kun
8iidb2,Great British graffiti,,https://i.redd.it/a5j7cz0ih3x01.jpg,1525987067.0,349,0.96,17,CasualUK,DisprinDave
8ihyyr,Bonkers moment on 'Millionaire' just now.,"A one-legged man from Yorkshire is on.

The question was about which loch a Scottish castle was next to.

Turned out to be the castle he was visiting on the day he lost his leg (in a car crash there). So he knew the answer.

It got him ¬£125, 000.",https://www.reddit.com/r/CasualUK/comments/8ihyyr/bonkers_moment_on_millionaire_just_now/,1525983899.0,510,0.98,68,CasualUK,tmstms
8ihsvu,I never see a stronger show of solidarity in this country than people warning other drivers of a speed trap.,,https://www.reddit.com/r/CasualUK/comments/8ihsvu/i_never_see_a_stronger_show_of_solidarity_in_this/,1525982562.0,90,0.94,60,CasualUK,nakedschrodinger
8igzqf,"To the guy who shouted ‚Äòwhat the fuck are you doing‚Äô to a girl who had clearly just started her driving lessons, don‚Äôt be a cunt all your life.",,https://www.reddit.com/r/CasualUK/comments/8igzqf/to_the_guy_who_shouted_what_the_fuck_are_you/,1525976207.0,2790,0.98,373,CasualUK,Jordanbvb09
8igmpf,Fucking state of this Guinness,,http://imgur.com/7Dilbts,1525973442.0,409,0.96,161,CasualUK,yerkhunt
8ig3pv,Welcome to Britain,,https://i.redd.it/vhtgavn7z1x01.jpg,1525968809.0,528,0.99,50,CasualUK,Eraze613
8ifo7t,Great Tasting Korean Foods!,,https://i.redd.it/51athn4ap1x01.jpg,1525965470.0,56,0.93,7,CasualUK,GotHyper
8ifhi7,Keep your ears peeled...,,https://i.imgur.com/SuD6VDh.jpg,1525964058.0,103,0.95,13,CasualUK,spicerldn
8if6s8,It wasn't me but I thought it was funny,[deleted],https://imgur.com/gallery/dsdJrbq,1525961635.0,118,0.93,9,CasualUK,[deleted]
8iesq4,We heard a water pipe had burst nearby and wondered if you'd notice it :) This was an underpass next to it!,,https://i.redd.it/99z81ulb21x01.jpg,1525958214.0,83,0.98,28,CasualUK,makerfan18
8ienco,"British culture is day drinking in winter because ""it's the holidays"" and day drinking in summer because ""there's nothing better than a cold pint in the sun""",,https://www.reddit.com/r/CasualUK/comments/8ienco/british_culture_is_day_drinking_in_winter_because/,1525956888.0,212,0.97,46,CasualUK,VonVondergeist
8iemzf,The greatest BBC interview ever happened 12 years ago today,,https://www.youtube.com/watch?v=jhv9HJaA67c,1525956789.0,450,0.99,35,CasualUK,TopTrumpWANKER
8iejmh,The Difference Between 'Going for A Pint' in the UK and the US,,https://imgur.com/9Z2Qz1Z,1525955886.0,2361,0.99,264,CasualUK,yungheezy
8ie9ik,Blossom tree in Elsham Hall - makes me feel like i‚Äôm in Feudal Japan,[deleted],https://i.redd.it/86di06e1o0x01.jpg,1525952949.0,61,0.93,4,CasualUK,[deleted]
8ie2xs,Strongbow marketing here vs. in the States,,https://twitter.com/jasminetdscott/status/994264980911460352?s=20,1525950835.0,148,0.95,104,CasualUK,BRIStoneman
8idy9k,Marks allow you to choose your pizza by colour.,,https://i.imgur.com/4dGuPC9.png,1525949330.0,158,0.97,18,CasualUK,imperfect_and_tense
8idnue,Casual Sheep,,https://i.imgur.com/IfpLjXI.jpg,1525945583.0,272,0.98,9,CasualUK,JavinGamie
8idixy,The offensive graffiti in the toilets is getting out of hand.,,https://i.redd.it/vtg5ykk9wzw01.jpg,1525943606.0,131,0.97,9,CasualUK,Vitalogy1
8idik1,Restaurant owner responds to the Daily Mail‚Äôs request to feature him in a video.,,https://twitter.com/stickywalnut/status/994481014117367808?s=21,1525943466.0,85,0.94,11,CasualUK,[deleted]
8idgpr,Yodel now have a time machine and my package has already delivered 6 hours from now...,,https://i.redd.it/jhoiz2qntzw01.png,1525942805.0,59,0.92,21,CasualUK,placidkiwi
8id677,Stanstead airport - hiding non-fortune costing water by the back of all the shops can piss right off,,https://imgur.com/kHpouRm,1525938471.0,124,0.98,35,CasualUK,amievenrealrightnow
8icpcz,My favourite graffiti - turns a drain pipe into a small moment of joy whenever I pass it,,https://i.redd.it/veyyt4ugyyw01.jpg,1525932244.0,86,0.96,11,CasualUK,rumbelows
8ib0i5,Someone at my uni sent an email to the entire faculty's student body asking for participants for his experiment. Chaos ensues as people use 'reply all' to respond.,"It all started with a student's innocuous email asking for participants in his study for a music degree. One interested person responded to 'all', which included the   [faculty]-students@[uni].co.uk email the original student had used, so this person's email got sent to the entire faculty student body as well. This upset uninterested people, who started asking to be removed from the mailing list (which is impossible, as it's just a list of all students at the faculty), and it also upset some who expressed their indignance about the fact that the student who sent the original email 'somehow' got their email addresses... which they all complained about by also replying to 'all"". As more and more emails started pouring into people's inboxes, more people started complaining about being inundated with emails...by replying to 'all'. And thus the cycle continues. The email thread is currently 89 emails long, and it's still going.

Highlights include:

After a grand total of two emails sent to a
'all', this person is the first to complain about the 'consistent' emails:

&gt; Following on from this email I am now consistently receiving emails re this matter. It is very disturbing and unrelated to me. Please stop the emails.

Then, the requests to be removed from the list start, because people are too dense to realise they can just not respond if they're not interested:

&gt; I dont know who you are can you stop sending me unrelated emails remove me from the list  

One person further down in the thread formally accuses the original sender of cyber bullying:

&gt; To whom this may concern,   
&gt; What is this, get lost you annoying cyber email bully   
&gt; Kind regards

Others find the onslaught of emails disturbing:

&gt; Please remove me from this mailing list, extremely disturbing

&gt; Please remove me. This is ludicrous how you got our emails pertaining to something we are not interested in. Please remove us all. 

One is willing to bribe the original sender into being taken off the list:

&gt; thank you for your offer, i would like to make you a counteroffer of ¬£25 to stop emailing me.

Yet another student makes use of this opportunity to wish his fellow students good luck on one specific forthcoming exam:

&gt; Please dont forget to remove me. good luck with exams for people who have Derivatives exam tomorrow( make sure you go over binomial and swaps.)

And someone wants to be removed from the mailing list for religious reasons:

&gt; Remove me too! Music is prohibited in my religion . Thank you!

All this is interspersed by the occasional email begging people to just stop responding to 'all' and trying to get people to see that they're the ones creating the problem in the first place:

&gt; Everyone replying to this email, can you all please not hit reply all? Check your recipients and CCs before replying. P.S. I replied to all so that everyone can see and not repeat the same.

&gt; MAY I POLITELY SUGGEST YOU DO NOT REPLY to [faculty]-students@[uni].co.uk? WE DON‚ÄôT ALL NEED TO SEE REPLIES.

&gt; Could you retards stop clicking on ‚Äúreply all‚Äù. Jesus Christ. Is it the first time you‚Äôre using an iPhone?

One guy realises replying to 'all' is the problem, yet still wants to be taken off the list anyway:

&gt; OMFG  
&gt; CAN YOU PLEASE STOP REPLYING TO ALL!!!!    
&gt;THE EMAIL WAS SENT BY [student]  &gt; REPLY TO HIM INSTEAD OF FLOODING EVERYBODY ELSE‚ÄôS MAILBOX WOTH USELESS AND ANNOYING EMAILS  
 &gt; ON THAT NOTE, TAKE ME OFF THE LIST   
&gt; FFS

I'm still getting emails in my inbox as I'm writing this. It's both hilarious and mind-boggling how people can be this dense...

**EDIT**: It stopped at 239 emails. People were getting pretty pissed off near the end:

&gt; STOP CLICKING 'REPLY ALL' TO THIS BLOODY EMAIL!!!! EMAIL THE SENDER INDIVIDUALLY!!!!

&gt; You morons, the reason you're on this list is because your email ends ""@[faculty]"", so therefore you're on the [faculty] mailing list. Pressing ""reply all"" and moaning about it isn't going to help so get a grip and learn how to use emails properly. Were you born yesterday?

&gt; Lmfao istg ur all level 9000 dumb, u wastemen can't tell the OP to remove you bcs look at the mailing list it's from /[faculty]-students@[uni].ac.uk/ -- you can't be removed from that since its the general contact email for all [uni] students;,,;;;_-/  Smh, it's exam semester so I thought ur brains should at least be in working order.

While others find it hilarious:

&gt; Lmfaoooooooooooooo everyone is just replying with remove me and so you're blowing up eachothers mailboxes and it becomes a cycle. You've really all proven yourselves to lack sense.

And some continue to painstakingly explain what's going on in such detail that even a three-year-old could understand it:

&gt; Dear all,

&gt; 1) stop replying to either ALL or [faculty]-students@[uni].ac.uk  
2) you are not part of any nefarious mailing list that you haven't subscribed to. You are, however, a [faculty] student at [uni] and that's why any emails directed to [faculty]-students@[uni].ac.uk will reach you  
3) You cannot opt out of these emails, because this is a channel used by the university and its administrators to disseminate information to [faculty] students.   
4) STOP asking to be removed from the list, then you won't be getting anymore irrelevant emails, except for the odd open call for collaborative music studies or whatever else [uni] thinks might be interesting to [faculty] students.

One threatened to file a report with the university: 

&gt; I am reporting this to the university. In order to get the people blocked who disturb others with these kind of messages.

While one opportunistic student uses the visibility to ask for instagram followers:

&gt; Follow my Instagram. It's @[name]. Might as well get some followers out of this mess. K thanks guys xx

Finally, someone got involved in what looks like some kind of official capacity, though they're not IT and have a student email, so it's likely just one of the original sender's collaborators on the project:

&gt; Dear all,  
On behalf of [student], we do apologise for the inconvenience.  
If you want the chain of messages to stop; please do not ‚ÄúReply All.‚Äù to this message or the previous messages.   
Moreover,  you may simply remove the [faculty]-students@[uni].ac.uk from further correspondences.  
If you are interested in playing the percussion, please contact [student] directly on [student's email]  
Good luck with your revisions and exams.  
Kind regards,  
[name]

The incessant 'remove me from this list plssss' emails have stopped, so it looks like people have come to their senses. All 239 emails were sent out between 7:45 and 10:30 in the evening - the majority only arrived over the course of the night as the server couldn't handle being force-fed that many emails to be sent to 7,300 students within three hours.",https://www.reddit.com/r/CasualUK/comments/8ib0i5/someone_at_my_uni_sent_an_email_to_the_entire/,1525913581.0,284,0.98,89,CasualUK,RanShaw
8iacqn,"Make your mind up, mate.",,https://i.redd.it/ec8sp5j0xww01.jpg,1525907536.0,64,0.92,8,CasualUK,simonjjames
8iac3k,My fish and chips came with a pot of extra batter crispy bits. Win.,,https://i.redd.it/3f91e5diwww01.jpg,1525907371.0,72,0.9,78,CasualUK,bonster85
8i9ysq,At least summer fell on a weekend this year.,It's currently 10 degrees and raining. Roll on winter.,https://www.reddit.com/r/CasualUK/comments/8i9ysq/at_least_summer_fell_on_a_weekend_this_year/,1525904023.0,89,0.91,13,CasualUK,UncleArthur
8i97q7,The BBC having a cheeky little jibe at Clarkson hosting Millionaire,,https://i.imgur.com/jeEVH8r.png,1525897893.0,164,0.96,21,CasualUK,Monsis101
8i9519,Google doesn't think much of Slough,,https://i.redd.it/vsl5vqj42ww01.png,1525897315.0,56,0.99,20,CasualUK,magical_matey
8i8s7e,Spotted in Southend last weekend. Adds a whole new meaning.,,https://i.redd.it/w6d107nguvw01.jpg,1525894572.0,356,0.98,13,CasualUK,Old-Blighty
8i8n2h,No shit Sherlock.,,https://i.redd.it/0bib9t46rvw01.jpg,1525893462.0,193,0.95,41,CasualUK,DeadYen
8i87vo,I think the BBC are running out of reality TV show formats,,https://imgur.com/BCcYYe6,1525890203.0,462,0.97,30,CasualUK,fireball_73
8i80xy,Stuck in traffic on my way home. Seems legit.,,https://i.redd.it/awwd8zb7cvw01.jpg,1525888751.0,88,0.97,14,CasualUK,_Endir_
8i7t02,Canary Wharf Jubilee Line entrance right now,,https://i.imgur.com/MRBeISL.jpg,1525887034.0,126,0.96,75,CasualUK,lampishthing
8i7m75,Why I love living in the UK,,https://i.redd.it/bo59h0tq3vw01.jpg,1525885587.0,108,0.94,27,CasualUK,tonelander
8i7gwq,Intentional abbreviation of coconut?,,https://i.redd.it/wfhy0xdd0vw01.jpg,1525884450.0,1024,0.99,48,CasualUK,scarecrow_boats
8i68sp,"These ""customised gifts"" are getting a little niche",,https://i.imgur.com/QYvqykn.png,1525874851.0,122,0.96,54,CasualUK,Glurt
8i5opp,So Eton college still use wax seals when signing contracts,,https://i.redd.it/nisqsotfttw01.jpg,1525870013.0,132,0.94,37,CasualUK,Knightofhavoc
8i5o5x,"Halal, Aldi.",[deleted],https://i.redd.it/4zyijpazstw01.jpg,1525869866.0,3389,0.98,90,CasualUK,[deleted]
8i57u3,Presumably they have beds upstairs?,,https://i.redd.it/su3skhoeftw01.jpg,1525865376.0,83,0.9,33,CasualUK,ham-glorious-ham
8i54ke,"Why are muffins not pre-sliced? Who eats whole, uncut muffins!!??",,https://i.redd.it/ydw8tnxectw01.jpg,1525864323.0,180,0.89,78,CasualUK,DBRWes
8i4t5v,Just to say that if you are having a picnic during the nice weather please don't do this. This is a nice little park by us that has been trashed by lazy People.,,https://imgur.com/S775Eiy,1525860462.0,4507,0.97,489,CasualUK,[deleted]
8i4rfa,Greg‚Äôs Anxiety Dream,,https://i.redd.it/pumhwz1dzsw01.jpg,1525859897.0,725,0.98,31,CasualUK,RealitysAtombin
8i4q6z,"The /r/Asda subreddit is being used for the topic of ""restoring virginity""","I wanted to see if a community of Asda workers could be setup on Reddit to discuss common topics about our shifts, staff and stores. I had a look at /r/Asda and was shocked to see it's being used to share Turkish language links about restoring a woman's virginity.

The top link on the subreddit is this one: https://www.reddit.com/r/asda/comments/8g0azk/k%C4%B1zl%C4%B1k_zar%C4%B1_k%C4%B1zl%C4%B1k_zar%C4%B1_dikimi_bekaret_dikimi/

With this text: *Maiden is one of the most important issues in our country (of Turkey). Many people are wondering if their hymen can be repaired. Repair of the hymen is possible in today's conditions. The maiden stoning is known as the virgin stitch among the people . Due to different reasons, maiden repair can be done. Our societies are preferred because of sociological reasons.*

There's also others in the past month about similar things. 

I wonder if there's any way to get this subreddit to be used about the supermarket? ",https://www.reddit.com/r/CasualUK/comments/8i4q6z/the_rasda_subreddit_is_being_used_for_the_topic/,1525859416.0,127,0.93,32,CasualUK,TopTrumpWANKER
8i4gtt,Yesterday I posted on here for advice on what to wear for a job interview. I got the job and now I‚Äôm stood in the kitchen at my old job wondering how the hell to give my resignation letter to my boss.,Update: I did it just went out handed her the envelope said sorry and thanks for everything but I‚Äôve gotta do me.,https://www.reddit.com/r/CasualUK/comments/8i4gtt/yesterday_i_posted_on_here_for_advice_on_what_to/,1525855940.0,83,0.96,48,CasualUK,darryl9125
8i47kb,Your phone contact list.,"I have just been looking for the number of the guy I used to take me to the airport last time to book him again and I couldn't remember his name.

I had saved him as Airport Peter. 

Whilst looking I realised I add people under strange titles

Fat Pat.
Not Fat Pat.
Daft Kath.
Gas Man Dave.
Mum's Gardener.

The list is endless, 

I found one listed as

Sexy train dude.

Do you do this are you a normal person who uses Surnames?

What is the funniest contact in your phone?
",https://www.reddit.com/r/CasualUK/comments/8i47kb/your_phone_contact_list/,1525852370.0,59,0.92,109,CasualUK,gypsychandelier
8i42z1,An attempted...something at Asda,,https://i.redd.it/qezrr5ms7sw01.jpg,1525850633.0,377,0.99,56,CasualUK,accountnumber54
8i41dc,"Ah, so we had three barbecues last year.",,https://i.redd.it/1omefd536sw01.jpg,1525850054.0,803,0.98,88,CasualUK,ThatNiceMan
8i3pdn,Anyone else watched this half expecting the channel 4 logo to show up?,,https://m.imgur.com/r/gifs/LCSZsd4,1525845772.0,477,0.97,45,CasualUK,Khalid147
8i3ib5,"Guys I'm on a bike at the gym and, despite 15 empty bikes in the row, a guy chose the bike right next to me.","I've never had my personal space more invaded. I'm pretty sure he can read me typing this he's so close.

Why do people do this?",https://www.reddit.com/r/CasualUK/comments/8i3ib5/guys_im_on_a_bike_at_the_gym_and_despite_15_empty/,1525843379.0,113,0.91,88,CasualUK,[deleted]
8i1zvw,When sexting goes wrong...,,https://i.redd.it/m7i7rqnbcqw01.jpg,1525827935.0,271,0.94,22,CasualUK,TheAdequateKhali
8i11az,I see your inside out bourbon and raise you my double-stacked bourbon,,https://i.redd.it/pbpi2hvumpw01.jpg,1525819372.0,103,0.96,15,CasualUK,OdBx
8hzmr8,All of a sudden the sun said goodbye and the clouds gave me a moody dog walk,,https://i.redd.it/u8f1xnrbqow01.jpg,1525808432.0,79,0.98,5,CasualUK,TheSquireOfTheShire
8hzmko,"Think it's about time to stock up, lads.",,https://imgur.com/DmkkuOd,1525808389.0,63,0.97,13,CasualUK,smileh
8hzm52,Apparently Northern Power thinks I drive a clown car. So much for making sure I had access to use my drive.,,https://imgur.com/Jzo6IF1,1525808291.0,101,0.98,56,CasualUK,KumaLumaJuma
8hzbxx,It‚Äôs summer in London.,,https://i.redd.it/63onx8uljow01.jpg,1525806171.0,10253,0.96,338,CasualUK,RainbowCloud5
8hzafn,I saw one hell of a kids menu in Bristol today.,,https://i.redd.it/l0ng9sypiow01.jpg,1525805874.0,166,0.99,17,CasualUK,[deleted]
8hz97h,Every young lad in England with those biccies next to the kettle. The subreddit‚Äôs description states ‚Äòlighthearted and fun comments‚Äô I believe this is one,,https://i.redd.it/ge92vifyhow01.jpg,1525805615.0,51,0.79,0,CasualUK,[deleted]
8hypgf,Found in Cleethorpes,,https://i.redd.it/jl3rs7q46ow01.jpg,1525801654.0,509,0.99,50,CasualUK,bethycg
8hy7o2,The Hoff‚Äôs comeback starts here.,,https://i.redd.it/b1jkd6ykvnw01.jpg,1525798096.0,92,0.99,15,CasualUK,Big_P_Cizzle
8hy5en,You can‚Äôt get any more casual than this guy in a London park:,,https://i.imgur.com/spSpCu0.jpg,1525797636.0,1980,0.97,45,CasualUK,Guygan
8hxjzy,Got a job!,[deleted],https://www.reddit.com/r/CasualUK/comments/8hxjzy/got_a_job/,1525793208.0,367,0.97,56,CasualUK,[deleted]
8hx848,"In other news, my bourbon is inside out",,https://i.redd.it/99h8f3ue9nw01.jpg,1525790655.0,897,0.98,58,CasualUK,SevytheSnake
8hwxpl,"After seeing all the lovely sunny pics, it's nice to remember how we looked 2 months ago.",,https://i.redd.it/dam7ai5h2nw01.jpg,1525788307.0,230,0.97,28,CasualUK,184Switch
8hwl10,"Uhh mate....you know there's a fox sunbathing in your garden? (Holloway Road, London)",,https://i.redd.it/q9n0w6hdtmw01.jpg,1525785307.0,118,0.93,3,CasualUK,Barziboy
8hw5um,Tesco are offering this lil nightnare to keep your garden safe at night.,,https://i.redd.it/bh8bmuslhmw01.jpg,1525781288.0,82,0.96,16,CasualUK,Capitan_Scythe
8hw261,"Pub rules without the snark. Presenting: The Grove, Huddersfield",,https://i.redd.it/fsum22hhemw01.jpg,1525780237.0,407,0.97,75,CasualUK,c0253484
8hvtp4,When you thought their marketing strategy couldn't get any worse...,,https://i.imgur.com/iLFUKKI.png,1525777588.0,215,0.93,89,CasualUK,iAmNotAWhitey
8hvise,Happy 92nd Birthday to Sir David Attenborough!,"Don't worry guys, he's trending on twitter because it's his birthday! 

Anyone got a favourite Dave moment? ",https://www.reddit.com/r/CasualUK/comments/8hvise/happy_92nd_birthday_to_sir_david_attenborough/,1525773804.0,835,0.98,42,CasualUK,anowlandafez
8hvglv,r/CasualUK's favourite desserts! The dessert-off results.,[deleted],https://i.redd.it/dz6imbbyslw01.png,1525773034.0,261,0.93,153,CasualUK,[deleted]
8hvfvz,"Tuesday morning, 7:45 AM",,https://gfycat.com/HomelyValidCormorant,1525772788.0,2795,0.95,69,CasualUK,Primodummy
8hve3t,This penguin.,,https://imgur.com/3MAWqTa,1525772086.0,133,0.98,32,CasualUK,serena22
8hve14,Unexpected Item in the Bagging Area,,https://imgur.com/Cmyb3qq,1525772062.0,325,0.93,19,CasualUK,BlunderingBazookas
8hv5q2,Bank Holiday in the Forest of Bowland üëå,,https://i.redd.it/iu6vxvojglw01.jpg,1525768839.0,161,0.98,12,CasualUK,dogsALLDAY
8hv4w7,Anyone else absolutely useless in hot weather?,"Seriously, I can cope with endless rain or freezing icy winds, but a few days of hotter-than-usual weather has me feeling totally pants. I think I need to start planning for it like some people plan for long winters.",https://www.reddit.com/r/CasualUK/comments/8hv4w7/anyone_else_absolutely_useless_in_hot_weather/,1525768511.0,452,0.97,198,CasualUK,perscitia
8humqq,I've been eating these all week and only just noticed what I actually bought,,https://i.redd.it/y24yjqsxtkw01.jpg,1525761489.0,104,0.95,27,CasualUK,pyro-ro
8hufs4,"As we are sharing bank holiday weather pictures, here‚Äôs one I took from Barry, South Wales.",,https://i.redd.it/s1i22cgfnkw01.jpg,1525759031.0,166,0.98,16,CasualUK,lordjems
8hudau,Casual as you like,,https://i.redd.it/0c6j1s1rkkw01.jpg,1525758142.0,101,0.96,15,CasualUK,uwannawonga
8hqp71,¬£15 Pizza Hut gift card if anyone is hard up / struggling!,"Started a new job a month ago with the homeless and realised that someone that might be struggling might really need it.

I ordered a pizza from PH with my friend and it was late and cold...and because I seem to be turning into a bit of an old git, they sent me a gift card for ¬£15 after I complained.

They said it could only be used in store.

Seriously, please only request it if you need it.

Cheers!

PM me. Not looking for points or karma bs

Edit - this card has now been taken! :)",https://www.reddit.com/r/CasualUK/comments/8hqp71/15_pizza_hut_gift_card_if_anyone_is_hard_up/,1525724845.0,101,0.92,8,CasualUK,alexsings
8hqj85,HELP: Teddy on a train with no owner,"Can we help reunite the teddy with its owner? 
It‚Äôs grey 
It was on seat 59 coach C on the Cross Country to Manchester Piccadilly 7/5/18

let‚Äôs do something good today 
EDIT: it‚Äôs a grey stuffed dog toy 
EDIT 2: photo link is in the comments 
Handed in to lost property at Manchester Piccadilly- In safe hands now, hope the owner is reunited ",https://www.reddit.com/r/CasualUK/comments/8hqj85/help_teddy_on_a_train_with_no_owner/,1525723597.0,65,0.95,21,CasualUK,owendh99
8hq437,Felt like this was pretty Britain. South Oxfordshire.,,https://i.redd.it/nld7wkhzghw01.jpg,1525720566.0,69,0.98,19,CasualUK,_MicroWave_
8hpzz0,I just got engaged.,[deleted],https://www.reddit.com/r/CasualUK/comments/8hpzz0/i_just_got_engaged/,1525719717.0,111,0.89,37,CasualUK,[deleted]
8hpiia,Abbey Gardens in Bury St. Edmunds (East Anglia) [1920 x 1080],,https://i.redd.it/yna64p1d3hw01.jpg,1525715962.0,54,0.98,9,CasualUK,Firewolf_Daimyo
8hpg7k,Most of the population of the UK after this glorious bank holiday weekend.,,https://i.redd.it/r0c7zyav1hw01.jpg,1525715462.0,9201,0.94,385,CasualUK,BernalOmega
8hp9gu,Actual picture of the Great Western Railway service from Penzance to London this Bank Holiday.,,https://i.redd.it/s4a8kxbkxgw01.jpg,1525714042.0,208,0.98,30,CasualUK,SkimPurchase
8hp53i,Love having a fire going that feels like it will melt your face off if you look at it for too long,,https://i.redd.it/oy90wdxrugw01.jpg,1525713079.0,68,0.99,5,CasualUK,RevHolyOne
8hp37g,When ordering your drinks...,,https://i.redd.it/k666r06etgw01.jpg,1525712689.0,757,0.97,112,CasualUK,lukesb
8ho6j6,"UKLPT: Mother‚Äôs Day is coming in the USA, 13th May. Do not be deceived by internet ads, it‚Äôs not us",Jumping on the UKLPT Bandwagon ,https://www.reddit.com/r/CasualUK/comments/8ho6j6/uklpt_mothers_day_is_coming_in_the_usa_13th_may/,1525705617.0,398,0.97,30,CasualUK,jgeorge1983
8ho1d8,Oh god,,https://imgur.com/nuq7UKU,1525704450.0,66,0.94,19,CasualUK,ShaneH7646
8hnri8,So hot today even the dog fancied an icecream,,https://v.redd.it/2nygdm0eyfw01,1525702783.0,92,0.97,34,CasualUK,Robenstein
8hnd1s,Incredible bank holiday weather for a ride at the reservoir,,https://i.redd.it/0l5546jqnfw01.jpg,1525698606.0,227,0.98,16,CasualUK,kjhuk
8hn4bu,My garden on a nice day does pull out some colours... although I keep finding bricks. Anyone want a brick?,,https://i.redd.it/pb4r1qfugfw01.jpg,1525696282.0,80,0.99,30,CasualUK,TheSquireOfTheShire
8hmy3n,"Another classic - cheese on toast. Multigrain bread, Lurpak salted butter, Cathedral City Mature Cheddar, Lea and Perrins sauce - how do you guys like yours?",,https://i.redd.it/0kv92icfbfw01.jpg,1525694458.0,189,0.93,141,CasualUK,Old-Blighty
8hmuyg,A British classic: desecrated.,,https://i.redd.it/vztpf3hc8fw01.jpg,1525693480.0,231,0.96,34,CasualUK,PM_ME_CAT_TOES
8hmh60,Loving the look of this egg shaped bacon for a bank holiday breakfast.,,https://i.redd.it/rsh7k1cruew01.jpg,1525688856.0,65,0.96,17,CasualUK,Danny_McMoose
8hm8vk,"UKLPT: Turn that ""weekdays only"" morning alarm on now before you don't wake up in a fury tomorrow",Back by almost no demand,https://www.reddit.com/r/CasualUK/comments/8hm8vk/uklpt_turn_that_weekdays_only_morning_alarm_on/,1525685661.0,130,0.97,14,CasualUK,oxwearingsocks
8hm5ur,found on South west trains this morning,,https://i.redd.it/bq68761phew01.jpg,1525684461.0,233,0.98,20,CasualUK,elismopjah
8hm4z2,Give your parents a phonecall,"Better yet, go and say hello. Maybe there's someone else in your life, grandparents, relatives or friends. Someone you love.I bet everyone has someone they love who they don't speak to enough. They probably miss you as much as you miss them.

Give them a ring because you might not have as much time as you think you do with them, and there will come a day when you wished you had. Speaking from experience. I wish I'd just picked up the phone more often.

Go and do it. This random bloke on the internet knows best.",https://www.reddit.com/r/CasualUK/comments/8hm4z2/give_your_parents_a_phonecall/,1525684127.0,100,0.96,25,CasualUK,[deleted]
8hm0gi,Job application rant,"A part\-time 10 hour a week job, requests that you make an account with them before applying, then asks that you upload your CV, then it makes you fill out all of the information included in your CV onto their painstakingly bad in\-house system, then at the end it asks you for 500 words why you want to work for the company and 500 why you'd be the ideal candidate...",https://www.reddit.com/r/CasualUK/comments/8hm0gi/job_application_rant/,1525682312.0,175,0.97,82,CasualUK,TheAdequateKhali
8hll68,Update on the squirrel coconut experiment 24 hours later...,,https://i.redd.it/u2t0mwv6tdw01.jpg,1525676219.0,81,0.97,12,CasualUK,vbloke
8hlji8,How our flatmate let us know he had moved out,,https://i.redd.it/ghqlnys7rdw01.jpg,1525675558.0,6955,0.96,503,CasualUK,PM_ME_YOUR_PLUMBUS
8hj81z,Poor William Morrison,,https://i.redd.it/qkrxfu50mbw01.jpg,1525649608.0,77,0.98,8,CasualUK,Know_The_Ledge
8hiiq2,A little bank holiday stumble around langsett reservoir - looked pretty full but another day like today and the hosepipe bans should be in full effect...,,https://i.redd.it/62ykmwd92bw01.jpg,1525642951.0,59,0.94,8,CasualUK,trcr3600
8hi5g8,Day trip to Canterbury with the missus today - thoroughly enjoyed it!,,https://i.imgur.com/Id40hvh.jpg,1525639657.0,223,0.98,28,CasualUK,snaptom27
8hi4tv,The saviour of my sanity from my Bank Holiday sunburn. Showering is once again bearable.,,https://i.redd.it/pgm9brf0saw01.jpg,1525639503.0,110,0.93,57,CasualUK,Beckynerd
8hi4tq,So we went fishing today in Mersey and this happened,,https://i.redd.it/dhw2hu6zraw01.jpg,1525639503.0,176,0.95,35,CasualUK,EricAdoigaDoiga
8hhg2i,Visited Beachy Head today. A land of such exquisite natural beauty. Mostly...,,https://imgur.com/a/9VhO8Hp,1525633581.0,85,0.97,12,CasualUK,hojumoju
8hh8a8,Welcome to Blackpool.,[deleted],https://i.redd.it/hr2h6cmy4aw01.jpg,1525631773.0,81,0.98,3,CasualUK,[deleted]
8hh3r8,Lovely day for a blast around the ‚Äòshires - any more bikers on here?,,https://i.redd.it/qy63jipo1aw01.jpg,1525630706.0,124,0.91,44,CasualUK,smithyithy_
8hgxa8,With care? Health and safety gone mad üôÑ,,https://i.redd.it/on6h851ax9w01.jpg,1525629168.0,56,0.95,8,CasualUK,Is-abel
8hgg83,"Not sure if piss take, or coincidence",,https://imgur.com/aKAk7Od,1525625182.0,1220,0.98,29,CasualUK,PM_ME_YOUR_ZITS_G1RL
8hgfrc,"Say what you want about chavs, but wearing a full hoodie and jogging bottom outfit in this weather shows a real dedication to whatever they think fashion is.",[removed],https://www.reddit.com/r/CasualUK/comments/8hgfrc/say_what_you_want_about_chavs_but_wearing_a_full/,1525625073.0,395,0.98,53,CasualUK,SirRosstopher
8hgfhi,Standard night out tbh...,,https://i.imgur.com/xX20wX4.gifv,1525625006.0,528,0.97,15,CasualUK,[deleted]
8hg9qj,New deck is almost complete.,,https://i.redd.it/mf18gnhhg9w01.jpg,1525623621.0,47,0.91,26,CasualUK,kolymsky
8hfy2y,Oh... My word.,,https://i.redd.it/tgorrq1c89w01.jpg,1525620776.0,188,0.97,10,CasualUK,LadyAlwaysDrunk
8hfw5o,Happy Bank Holiday weekend guys!,,https://i.redd.it/83hah6yv69w01.jpg,1525620308.0,59,0.93,16,CasualUK,smoke_weed_nobhead
8hfupl,"As a foreigner, your pubs are truely a national treasure.",,https://i.redd.it/aaehehps59w01.jpg,1525619940.0,2747,0.98,231,CasualUK,kezzaNZ
8hfsto,I know it's not a hedgehog or squirrel but just spotted this cutie in the pub,,https://i.imgur.com/pamIXQK.jpg,1525619499.0,70,0.92,21,CasualUK,test98
8hflen,Got this cool new puzzle for my daughter,,https://i.redd.it/t6rrtz3wy8w01.jpg,1525617601.0,353,0.89,14,CasualUK,EarlOfBronze
8hfhtn,This guy wins ‚Äúbest spot to chill on a sunny Sunday‚Äù,,https://i.redd.it/a6h5jtp0w8w01.jpg,1525616652.0,91,0.98,6,CasualUK,invasionofcamels
8hfa74,Just a typical day in The Lake District.,,https://i.redd.it/kx1i6tmkp8w01.jpg,1525614475.0,50,0.99,6,CasualUK,thefooby
8hf9zd,Current state of the Street Gangs in the UK,,https://twitter.com/adzbanks1/status/992416707288412161,1525614399.0,136,0.95,17,CasualUK,mr-spaghettified
8hf5qk,The sunshine means diy .. diy means ...,,https://i.redd.it/dm2wgfidl8w01.jpg,1525613066.0,156,0.96,21,CasualUK,RevHolyOne
8hf1pg,Even our train advertisements are self aware,,https://i.redd.it/xyw24q2ih8w01.jpg,1525611760.0,249,0.98,3,CasualUK,JustCemieThings
8hevkv,Oh Phillip D:,,https://i.redd.it/5aef37a8b8w01.jpg,1525609647.0,58,0.89,16,CasualUK,NullBarell42
8henjk,"If I wasn't in Wales, I'd think my phone was having a seizure...",,https://i.redd.it/g4v9l1uz18w01.png,1525606548.0,70,0.98,11,CasualUK,fairysdad
8helx4,Hot and foxy!,,https://i.redd.it/gwqb3xhez7w01.jpg,1525605869.0,67,0.96,7,CasualUK,perscitia
8hedjb,Peak Essex!,,https://i.redd.it/gun9vluhp7w01.jpg,1525602367.0,174,0.97,62,CasualUK,Harry_monk
8hec2t,End of an era,,https://i.redd.it/ow1wdxmln7w01.jpg,1525601697.0,97,0.96,16,CasualUK,pip_goes_pop
8he898,How are the staff meant to know if I do or not?,,https://imgur.com/DnUMhc9,1525600037.0,129,0.95,32,CasualUK,[deleted]
8he6j3,So close.,,https://i.redd.it/xwt7mhndg7w01.jpg,1525599268.0,316,0.99,9,CasualUK,Jorarl
8he5ks,Seems a reasonable request,,https://m.imgur.com/8FCg5v4,1525598850.0,95,1.0,22,CasualUK,BrunoPassMan
8hdtwz,It's uncanny!,,https://imgur.com/AcpeqGw,1525593686.0,683,0.99,18,CasualUK,mykeuk
8hdt0m,"It‚Äôs a lovely bright Bank Holiday Sunday morning. The birds are chirping, there‚Äôs butterflies dancing outside, the smell of bacon wafts through the flat...",...and upstairs are having really loud sex. Wouldn‚Äôt be a Bank Holiday without a Sunday Shag! ,https://www.reddit.com/r/CasualUK/comments/8hdt0m/its_a_lovely_bright_bank_holiday_sunday_morning/,1525593334.0,131,0.99,152,CasualUK,neenoonee
8hdqwm,I love playing cheesy singles when the weather is nice.,,https://i.redd.it/meqvkwayv6w01.jpg,1525592398.0,686,0.93,51,CasualUK,DeadYen
8hdkaw,Here‚Äôs my hungover breakfast after falling asleep on the sofa. How‚Äôs your Sunday going?,,https://i.imgur.com/DgdpSPk.jpg,1525589715.0,65,0.94,24,CasualUK,robotsoap
8hdj5g,"Was told squirrels like coconut, so I tried it and it works!",,https://i.redd.it/xfdte51hm6w01.jpg,1525589254.0,545,0.98,54,CasualUK,vbloke
8hdggm,"Taking some real liberties with the definition of the word ""deal"" here.",,https://i.imgur.com/L1xdth6.jpg,1525588218.0,105,0.95,22,CasualUK,Randomd0g
8hderw,Strict new laws coming into place.,[deleted],https://i.redd.it/zfv7tkceh6w01.jpg,1525587505.0,91,0.99,6,CasualUK,[deleted]
8hddh9,This happened in the Lake District last night as a charity fundraiser. (Image by Tom McNally Photography). 700 walkers with head torches on Cat Bells.,,https://imgur.com/NWN4rj1,1525586976.0,10223,0.96,169,CasualUK,Emsicals
8hda5m,This question on the Pointless phone game (and that score),,https://i.imgur.com/EnuKy6b.jpg,1525585669.0,56,0.93,8,CasualUK,camp-cope
8hayds,I tend to forget that the sun still exists in this country...,,https://i.redd.it/zzwvbaei64w01.jpg,1525559632.0,70,0.97,7,CasualUK,DFWShuckle
8han3c,Bus shadow fits perfectly in box üëå,[deleted],https://i.redd.it/nma5s8kex3w01.jpg,1525556571.0,119,0.92,11,CasualUK,[deleted]
8h9vaf,Clickbait site does not understand a British national treasure,,https://imgur.com/8y4tGaK,1525549270.0,498,0.98,45,CasualUK,JerosScotland
8h9lx2,"Someone forgot to turn grandma around, tour de Yorkshire.",,https://v.redd.it/sxkbifqp43w01,1525547023.0,83,0.94,10,CasualUK,sparaticRyan
8h9cf6,Christ...,[deleted],https://i.redd.it/fkrrxayrx2w01.jpg,1525544587.0,196,0.95,24,CasualUK,[deleted]
8h99ea,"Oscar Wilde said ‚ÄúConversation about the weather is the last refuge of the unimaginative,‚Äù but I feel so lucky to have this beautiful summery scene at the end of my garden that I‚Äôm talking about the weather...and I‚Äôm not being very imaginative.",,https://i.redd.it/j8o428wfv2w01.jpg,1525543805.0,59,0.96,13,CasualUK,basedinspoons
8h8c66,"I wasn‚Äôt planning on parking in the pond, but I will certainly take this in to consideration.",,https://i.redd.it/tl56zq2862w01.jpg,1525535324.0,107,0.97,9,CasualUK,IAmNotStelio
8h7z4u,"Shout out to the publicans up and down the country who toil in hot, empty looking pubs so we can sit outside in their beer gardens",They are truly Kings and Queens amongst men (and women). ,https://www.reddit.com/r/CasualUK/comments/8h7z4u/shout_out_to_the_publicans_up_and_down_the/,1525531827.0,138,0.98,14,CasualUK,Gadget_SC2
8h7sqp,I've had worse Saturdays,,https://imgur.com/b5R34JR,1525529980.0,94,0.97,17,CasualUK,UncleArthur
8h7rz3,"Went the Yorkshire Sculpture Park today and took this panoramic photo, thought I'd share.",[deleted],https://i.redd.it/9u02btulp1w01.jpg,1525529754.0,79,0.95,4,CasualUK,[deleted]
8h7rrj,Making good use of the weather,,https://i.imgur.com/VDGE9Y2.jpg,1525529695.0,80,0.98,12,CasualUK,katsunom
8h7kar,"In suffolk, today is so hot that you could crack an egg on the pavement and it would just sit there all raw and runny",[deleted],https://www.reddit.com/r/CasualUK/comments/8h7kar/in_suffolk_today_is_so_hot_that_you_could_crack/,1525527391.0,327,0.98,27,CasualUK,[deleted]
8h7h84,I thought the weather was quite clear today but obviously not,[deleted],https://i.imgur.com/NayOYaY.jpg,1525526414.0,68,0.96,6,CasualUK,[deleted]
8h7ge7,When the flowers are also complaining that ‚Äúit is too hot‚Äù during a mildly sunny day.,,https://i.redd.it/9qqozg8xe1w01.jpg,1525526139.0,55,0.96,2,CasualUK,mathewkhan
8h7bin,This day in Denmark we celebrate the liberation from Nazi germany in 1945. A liberation made possible by the courage and sacrifice of British soldiers. Thank you.,,https://i.redd.it/pon0h6o6a1w01.jpg,1525524544.0,6868,0.95,405,CasualUK,KeepClean1105
8h7aya,Some poor Middle-Eastern entrepeneur is wondering why their coffee shop is always full of skinheads.,,https://i.redd.it/99wi7vmv81w01.jpg,1525524341.0,56,0.96,8,CasualUK,JakeGrey
8h6t55,"Best thing I‚Äôve seen today, this good boy just parked up next to me.",,https://i.redd.it/3xsltwrdp0w01.jpg,1525517549.0,88,0.96,15,CasualUK,SBR96
8h6so9,"I'm in the US, my professor is from England, and I kept track of (nearly) every British word he used during this semester's class. Posted with permission, names and class details omitted. [OC]",,https://i.redd.it/5rzx8kya5wv01.jpg,1525517347.0,288,0.93,97,CasualUK,badpuppy34
8h6qj0,Bloke nicks a van and promptly falls into the Thames..,[deleted],https://i.redd.it/ochzwk6xl0w01.jpg,1525516384.0,113,0.99,6,CasualUK,[deleted]
8h6q0m,‚ÄòMy culture is not your goddamn prom dress‚Äô,,https://i.redd.it/tncf673al0w01.jpg,1525516168.0,519,0.95,76,CasualUK,Munnit
8h6okb,Phillip Is Absolutely Baffled by the Men Who Believe the Earth Is Flat,,https://www.youtube.com/watch?v=erA3WQE9Zes,1525515549.0,127,0.96,143,CasualUK,miraoister
8h6ohn,Copped this at work!,,https://i.redd.it/9vo9hspbj0w01.jpg,1525515511.0,78,0.89,17,CasualUK,thatguy9921
8h6ks9,"Meanwhile, on Facebook...",,https://i.redd.it/vtiedduke0w01.jpg,1525513914.0,112,0.97,13,CasualUK,notemily-
8h6ko2,"I found this spiky fucking fleabag shit road crossing wanker in my garden last night, I call him Carl",https://i.imgur.com/MGyxnfg.jpg,https://www.reddit.com/r/CasualUK/comments/8h6ko2/i_found_this_spiky_fucking_fleabag_shit_road/,1525513865.0,53,0.97,11,CasualUK,Monsis101
8h6div,Have you seen this man?,[deleted],https://i.redd.it/dhbqb9ol40w01.jpg,1525510560.0,59,0.96,12,CasualUK,[deleted]
8h6cle,Found These Bad Boys At The End Of The Garden Last Night,,https://i.redd.it/eqebmrhb30w01.jpg,1525510128.0,158,0.98,15,CasualUK,JownCenta
8h6b71,The things people sell online...,,https://imgur.com/MP9YO2j,1525509468.0,59,0.94,15,CasualUK,PM_ME_AMAZON_VOUCHER
8h6569,Cheeky,,https://i.imgur.com/mrFDolS.jpg,1525506913.0,213,0.97,31,CasualUK,Morgan_Redwood
8h5z8r,I too found a hedgehog recently. Just outside my parents front garden. I call him Hank,,https://i.redd.it/2mrkasopmzv01.jpg,1525504552.0,444,0.98,47,CasualUK,greenwood90
8h5v6q,I can't see any way this could end badly.,,https://imgur.com/4xKUwfC,1525502947.0,3678,0.95,322,CasualUK,[deleted]
8h37s4,Heard a noise in the garden last night and found this little fella having a nose through my bins.,,https://i.redd.it/4cn3jeix1xv01.jpg,1525473357.0,175,0.97,43,CasualUK,reddy-krueger
8h2b2v,Toilet graffiti found in a services near Warrington,,https://i.redd.it/kgyc3zbeewv01.jpg,1525465432.0,98,0.99,14,CasualUK,FairzzVapes
8h2a6p,Who remembers this relic of an old world?,,https://i.ytimg.com/vi/LpltBxp71w0/hqdefault.jpg?custom=true&amp;w=168&amp;h=94&amp;stc=true&amp;jpg444=true&amp;jpgq=90&amp;sp=68&amp;sigh=Fu9__LU4Zfm8S90-E_4UBRehOVU,1525465218.0,81,0.97,6,CasualUK,StopHavingAnOpinion
8h1p3n,"Lads, found these on the way home from the pub. Suggestions welcome.",,https://i.redd.it/wszd3jn9zvv01.jpg,1525460438.0,67,0.85,40,CasualUK,stalesun
8h1gwa,These guys are taking advertising space to the next level...,,https://i.redd.it/h60m8xv1uvv01.jpg,1525458597.0,68,0.96,13,CasualUK,aff_it
8h0cl3,"I never used to have an issue with potholes, until I hit one on my driving test..",,https://i.redd.it/6lz7k4hq3vv01.jpg,1525449734.0,63,0.97,45,CasualUK,thearguablepear
8h0afj,I just made a painful mistake...,,https://imgur.com/6LJvH7D,1525449282.0,221,0.96,48,CasualUK,Volitans86
8h07vj,Peppa Pig has been banned in China for promoting ‚ÄòGangster Attitudes‚Äô,,https://www.independent.co.uk/news/world/asia/peppa-pig-ban-china-childrens-tv-cartoon-gangster-douyin-a8332846.html,1525448723.0,115,1.0,24,CasualUK,itaintmatt
8h07oy,Slow end to your Friday? Pass the time with my unnecessarily verbose review of the new Ruby Cocoa KitKat.,"I have no idea why I did this.

**Background**

A closely\-related cousin to the far commoner cocoa capsule \(cacao if we're being pretentious \(we are\)\), the new Ruby bean hasn't been on the scene until 2017. Spearheading its insurgence into western confection is Nestl√©, whose well\-documented practices of child labour, unethical promotion, manipulation, pollution, price fixing and mislabelling makes them the ideal flagship brand to bring this brand new bean kicking and screaming into as many mouths as possible, whether their underpaid farmers like it or not.

Originally exclusive to Japan \- the land of the rising sun, sake, wasabi and other wild varieties of KitKat flavour ‚Äì the blushing bar has made its way over to the U.K for a trial period. To satisfy our insatiable English appetites, the western version is not only lengthier than the oriental original \(unnecessarily racist subtext\) but also has a couple of extra fingers stuck in for added girth \(no need\).

Long story short, it's a four\-finger KitKat that looks fabulous and \(probably\) tastes different. Let's take a break and see what Ruby has to say for herself.

**A Study in Pink**

It's a four\-finger KitKat, and like the symptoms of drinking too much strawberry Yazoo, all that was brown is now pink. It's pale pigment prompt a package perusal for telltale ingredients of additional colouring, but I'm happily surprised to find that Ruby is all\-natural. Then I spot the sales pitch and feel a stir of uneasy nostalgia \- ‚Äúa new, delicious and unique berry flavour experience‚Äù. My last unique berry\-flavour experience was as a child and came in the form of Wonkalate ‚Äì an artificial raspberry\-infused chocolate embedded with green Nerds, E\-numbers and retrospectively awful taste. Coincidentally also a Nestl√© product.

Hoping that the subsequent years have taught these Frankensteinian chocolatiers to question the *should* before the *could*, I proceed with caution.

**First impressions**

A party in my mouth that, a bar and a half in, I'm still not sure if I've been invited to. It's sweet in way that I can't pin down and only the sides of my tongue seem to recognise the flavour. Despite what the seizing sides of my mouth muscle are communicating, this lady ain't no sour puss ‚Äì just a little tart. And yet the nature of the flavour still lurks in the shadows, not quite ready to pounce.

There's another layer to this mystery, Kitkatski \- and I'm not talkin' about the wafers.

**Further Investigation**

In order to experience an unsullied sample of this pink perplexity, a strip search was in order. I excavated chocolate from around the wafer, like Tony Robinson trying to tunnel his way out of Willy Wonka's factory after being kidnapped by Oompa\-Loompas in a case of mistaken identity. This targeted taste\-test unveiled the wolf in kat's clothing. Imagine a bowl of cream cheese icing which is thinking very hard about cranberries. Eat that, and you have a close approximation to what Ruby cocoa chocolate tastes like. A smooth memory of fruit.

**Final Impressions**

Very interesting indeed. Paired with the familiar vanilla wafer, the chocolate's tartness levels out nicely without becoming sweet to the point of undefinition. It's neither divine or unpleasant, but is compelling enough to eat an entire bar, go to the shops for a few more, eat the rest and get a headache ‚Äì all in a sense of complete bewilderment.

It does genuinely feel like Ruby could become part of the big brand chocolate family, alongside her brown brothers and the albino one that lies forgotten in Cadbury's attic \(rest in peace Dream\). It's a unique taste that feels familiar with a  twist of confusion at the end, and the fact that it's been achieved naturally rather than through a gimmick \(rest in pieces, Wonkalate\) is probably the most weird and wonderful thing about it.

**Verdict \- worth a pop if you've got 80p and a Tesco going spare.**",https://www.reddit.com/r/CasualUK/comments/8h07oy/slow_end_to_your_friday_pass_the_time_with_my/,1525448674.0,51,0.98,8,CasualUK,Xxviii_28
8gzskl,So many questions,,https://i.imgur.com/xodWjZj.png,1525445255.0,117,0.99,24,CasualUK,C1t1zen_Erased
8gz9hz,"Its a nice warm day before a three day weekend, so the managers went and did a costco ice cream run for the office.",,https://i.redd.it/o27ta2iwcuv01.jpg,1525440753.0,68,0.93,32,CasualUK,benanderson89
8gz7ah,Our cat escaping off the roof.,,https://imgur.com/a/VGaFuVk,1525440185.0,59,0.95,22,CasualUK,tmstms
8gyl78,Friday office lunch,[deleted],https://i.redd.it/3yikfo5ettv01.jpg,1525434148.0,192,0.97,81,CasualUK,[deleted]
8gykol,TripAdvisor reviews for the zebra crossing outside Abbey Road Studios,,https://i.imgur.com/B4jt9iB.jpg,1525433992.0,177,0.98,20,CasualUK,Hassaan18
8gyje9,The reddit experience as a Brit,,https://i.redd.it/n08rg7aprtv01.jpg,1525433583.0,932,0.97,146,CasualUK,[deleted]
8gy0mf,just ate this completely iced party ring,,https://i.redd.it/65x5u3q18tv01.jpg,1525426986.0,200,1.0,41,CasualUK,rw43
8gxyvi,"This sub has become quite powerful in it's influence, any chance we can get this sweet nectar back?",,https://i.imgur.com/OGuStd8.jpg,1525426252.0,226,0.95,71,CasualUK,wwesmudge
8gxwss,Corporations make it harder and harder to stay neutral nowadays,,https://i.imgur.com/K8VKwab.jpg,1525425411.0,112,0.98,29,CasualUK,OnixHF
8gxqb2,Just a horse on a walk...,,https://i.redd.it/wsp90iotvsv01.jpg,1525422859.0,135,0.99,34,CasualUK,The2WheelDeal
8gxl7j,"This week‚Äôs pub quiz seemed tough for the live teams last night, give it a go! 24 points on offer and answers in the comments as usual :)",,https://imgur.com/a/DHW8a9S,1525420803.0,53,0.97,74,CasualUK,Kerigorrical
8gxhdl,Well played Heathrow,,https://i.redd.it/alx8hnh4lsv01.jpg,1525419261.0,26231,0.88,541,CasualUK,CheekyJack
8gtshy,Cute doggy,,https://i.redd.it/j49eg026hpv01.jpg,1525381610.0,48,0.98,9,CasualUK,santahul
8gstr3,The Stig as a kid,[deleted],https://gfycat.com/UnpleasantThriftyKrill,1525373948.0,54,0.92,1,CasualUK,[deleted]
8gsq5y,"Christmas Shop, Fireworks shop and now...",,https://i.redd.it/43j87yg3sov01.jpg,1525373179.0,73,0.98,19,CasualUK,tasslehof
8gsndo,"The Great British Dessert Off, Round 3",[deleted],https://i.redd.it/77vc3sstpov01.png,1525372565.0,69,0.92,61,CasualUK,[deleted]
8gsdxq,This is how a local Church marks ownership of it's bins.,,https://i.imgur.com/Oa7csxS.jpg,1525370519.0,360,0.97,38,CasualUK,railroadman
8gs4gu,"The war has been won, everybody!",,https://i.redd.it/7b1kdvu0eov01.jpg,1525368479.0,1153,0.99,144,CasualUK,ClarksonYouPillock
8grnx3,Where to draw the line.....,,https://imgur.com/gJ7Gzw9,1525364889.0,585,0.92,139,CasualUK,ExeMatelot
8grnj1,Dudley eyebrows on Midlands Today (yesterday) talking about local elections.,,https://i.redd.it/juk8lh973ov01.jpg,1525364807.0,73,0.94,21,CasualUK,lucadudav
8gr0vt,"Update on the Frankie and Bennies scenario, they respond with an email explaining they‚Äôre sorry but the restaurant is going through a refurb and that‚Äôs why my experience was poor?! What a complete joke, that‚Äôs not related to my original email in any way shape or form!",,https://i.imgur.com/LI0oW2p.jpg,1525359777.0,48,0.9,30,CasualUK,anonymousmice
8gqma2,Fucking coffee drinkers!,,https://i.imgur.com/CEcfmm5.jpg,1525356387.0,229,0.97,74,CasualUK,TWI2T3D
8gqjsv,3 of them will try to ruin your life. Choose one to try and stop them!,[deleted],https://i.redd.it/odswcbrfcnv01.jpg,1525355805.0,62,0.97,36,CasualUK,[deleted]
8gqeud,The attention to detail in the new Avengers film about life in Scotland is excellent...,,https://i.imgur.com/teQPY2w.jpg,1525354567.0,706,0.98,49,CasualUK,_rickjames
8gpzy3,Mr. Bean (Pakistan version) is like a fat version of original.,,https://v.redd.it/4ecdextxplv01,1525350651.0,228,0.97,25,CasualUK,pyro3366
8gpvpt,"Asda assuming someone's gonna throw up after a few buds, either that or they want me to get so pissed I drink the bleach.",,https://i.redd.it/n6ki0d7itmv01.jpg,1525349438.0,102,0.97,42,CasualUK,MiiiiitchC
8gpj17,Any other parents sick to death of Peppa pig?,"I need to share my pain, I want to DIG UP THE ROAD!! and toss them all in the hole and cement it over.

Also Daddy Pig is a smug prick.",https://www.reddit.com/r/CasualUK/comments/8gpj17/any_other_parents_sick_to_death_of_peppa_pig/,1525345536.0,68,0.99,86,CasualUK,Mallark
8gpiok,Map of the Shittish Isles from Viz. Anybody got the poster out there?,,https://i.redd.it/mn5m2km7hmv01.jpg,1525345416.0,61,0.96,20,CasualUK,fluffsta007
8gpi35,Anonymously received Blueberry Muffin in the post. Baffled as I don‚Äôt even like muffins. Is this a threat or something that people do these days? Has anyone else received anything unexpected through their letterbox?,[deleted],https://i.redd.it/ofpi65d0hmv01.jpg,1525345238.0,192,0.98,72,CasualUK,[deleted]
8gp2v9,My housemate's texts shortly after waking me and my girlfriend up to ask for a cigarette after he went for a midweek drink.... how very English.,,https://i.redd.it/gtszrc860mv01.jpg,1525339573.0,135,0.97,14,CasualUK,King-Chief
8gov9t,Facebook selling page telling it how it is,[deleted],https://i.redd.it/i8zflfksafv01.jpg,1525336503.0,9579,0.94,221,CasualUK,[deleted]
8goto7,It's time to rule Britannia my gaming friends!,,https://i.redd.it/grlrcwgxolv01.jpg,1525335815.0,74,0.95,31,CasualUK,Crippled_Potato
8gon1c,Nintendo getting in on the Royal Wedding hype. Spotted at Baker Street.,,https://i.imgur.com/DsaOkmf.jpg,1525333103.0,347,0.94,23,CasualUK,LondonCollector
8gol3n,"Britain‚Äôs first Flat Earth conference hears final, definite proof that gravity doesn‚Äôt exist",,http://metro.co.uk/2018/04/30/britains-first-flat-earth-conference-hears-final-definite-proof-gravity-doesnt-exist-7509101/,1525332338.0,93,0.95,114,CasualUK,OffMyFaces
8goj9l,Would you pay that much. Wooosh I know inflation but come on,,https://i.redd.it/gfopwf3jclv01.jpg,1525331623.0,55,0.94,34,CasualUK,krisrichensuk
8gob6k,"The Trollies have Multiplied again, someone send for Asda",,https://i.redd.it/xextg4tq3lv01.jpg,1525328671.0,88,0.98,25,CasualUK,mangosmakemesick
8go6t2,"When I see this, I know I‚Äôm almost home üòÇ",,https://i.redd.it/ugtoslbyykv01.jpg,1525327057.0,329,0.99,75,CasualUK,alisonclaree
8gkuq9,I love that every time Northamptonshire is mentioned in a Reddit thread the comments unanimously agreed on how shit Northampton and the surrounding area are.,To be fair though... It is a shit hole ,https://www.reddit.com/r/CasualUK/comments/8gkuq9/i_love_that_every_time_northamptonshire_is/,1525294856.0,55,0.97,70,CasualUK,-Ewan-
8gktbv,Round 2 of the Dessert off!,[deleted],https://i.redd.it/ptu84fr49iv01.png,1525294563.0,59,0.93,82,CasualUK,[deleted]
8gkeiv,Purple Bricks are a shower. Don‚Äôt ever use them.,"Just a word of warning to anyone considering using Purple Bricks. Don‚Äôt. 
We made the mistake of thinking we‚Äôd save a few quid by using them. ¬£900, and all they do is put the house on a Right Move. We could never get hold of the local agent, didn‚Äôt matter what we tried.

When we finally had an offer on the house the buyer got so fed up of PB's solicitors not replying that he pulled out. No chain, cash buyer, didn‚Äôt want a survey or searches, should have been a doddle. 

Now we have another buyer and she‚Äôs threatening to pull out because three weeks after we accepted her offer PB aren‚Äôt replying to her mortgage company or her solicitors. 

I wish I‚Äôd read up about how bad they actually are. The evidence is all online. 

Saving a few quid looked good, but I wish we‚Äôd used an actual estate agents. ",https://www.reddit.com/r/CasualUK/comments/8gkeiv/purple_bricks_are_a_shower_dont_ever_use_them/,1525291303.0,220,0.98,87,CasualUK,[deleted]
8gkd0y,Another tortoise lost in the wilds of Britain,[deleted],https://i.redd.it/7tot8hdlzhv01.png,1525290990.0,57,0.99,8,CasualUK,[deleted]
8gkaii,"I'm sick to the back teeth of your thievery, Mr Gull",,https://i.redd.it/3hfpoub4yhv01.jpg,1525290455.0,190,0.99,5,CasualUK,canihaveasquash
8gj5ej,I think my hoover is being a bit melodramatic after an encounter with the rug,,https://i.redd.it/s0l8xf8u7hv01.jpg,1525281617.0,6032,0.98,150,CasualUK,8REW
8gieiz,This happened during an intense game of Jenga at last night's pre-drinks.,[deleted],https://i.redd.it/d9qxxajoqgv01.jpg,1525275933.0,123,0.99,15,CasualUK,[deleted]
8gibvz,"Collected my 6 y/o nephew from school. Apparently it's a ""knight's"" helmet...",,https://i.redd.it/nxy1t5axogv01.jpg,1525275374.0,991,0.99,60,CasualUK,beagio
8gi7pp,You've been pingued,"I work tech support for a shopping centre. We had a unsecured printer appear on our guest network today, this was the result of me ping\-uing them: [https://i.imgur.com/1zwJxRr.jpg](https://i.imgur.com/1zwJxRr.jpg)",https://www.reddit.com/r/CasualUK/comments/8gi7pp/youve_been_pingued/,1525274490.0,67,0.99,8,CasualUK,Toodely
8gi6y3,"Thanks for that, Apple.",,https://imgur.com/a/sdlB8hA,1525274324.0,295,0.98,11,CasualUK,erasmusjhomeowner
8gi4z4,You vs the guy she tells you not to worry about,,https://i.redd.it/z3x0fz4ukgv01.jpg,1525273881.0,169,0.96,18,CasualUK,singsong101
8ghv5x,Tea and biscuits - a truly British way to recover from blood donation.,,https://imgur.com/rSmjYzH,1525271731.0,237,0.96,76,CasualUK,GibbsLAD
8ghni4,Butcher told by police to tone down sign advertising 'big breasted birds',[deleted],https://www.stokesentinel.co.uk/news/local-news/butcher-warned-police-risque-signs-1519504,1525269961.0,78,0.98,8,CasualUK,[deleted]
8ghhk3,....just why,,https://i.redd.it/a0nlmkev4gv01.jpg,1525268522.0,60,0.98,10,CasualUK,meetjoyce
8gh9eg,Is there any more convoluted title than this?,,https://i.redd.it/9l1odwhayfv01.png,1525266471.0,117,0.96,26,CasualUK,EdMilibandsSmile
8gh0cz,top notch Facebook memory,,https://imgur.com/WRxMvyB,1525264090.0,799,0.98,49,CasualUK,jh89th
8ggzak,Do the options at cash points piss anyone else off?,[deleted],https://www.reddit.com/r/CasualUK/comments/8ggzak/do_the_options_at_cash_points_piss_anyone_else_off/,1525263806.0,62,1.0,21,CasualUK,[deleted]
8gg9ay,Installing Britis Summer... Cambridge North Station,,https://i.redd.it/bi6awpq22fv01.jpg,1525255465.0,104,0.93,31,CasualUK,onatm
8gg6qt,Local unofficial tv license enforcement team must‚Äôve been round. Didn‚Äôt even leave a card.,,https://i.redd.it/xkyo3bi8zev01.jpg,1525254527.0,385,0.99,96,CasualUK,FinestKind90
8gg2h6,Nothing beats a good old Allotment.,,https://i.redd.it/qme62dfmuev01.jpg,1525252976.0,171,0.98,14,CasualUK,fluffsta007
8gg0zg,This tube ad for a wine company reads like a dark anti-drinking campaign,,https://i.redd.it/ro7peyt2tev01.jpg,1525252440.0,147,1.0,24,CasualUK,HYThrowaway1980
8gfvh0,Anyone else got a shit staff room?,,https://i.redd.it/25bmylafmev01.png,1525250216.0,190,1.0,80,CasualUK,cubbish
8gfv8q,The papers reposting content - and this subreddit. It's time to have a talk.,[deleted],https://www.reddit.com/r/CasualUK/comments/8gfv8q/the_papers_reposting_content_and_this_subreddit/,1525250105.0,188,0.94,83,CasualUK,[deleted]
8gfqw3,Shots fired by Google,,https://i.redd.it/i8tj97kpgev01.jpg,1525248279.0,212,0.98,21,CasualUK,PengdelaCreme
8gfk5u,Looks like the Friends of Humanity have been out in force on the A40,,https://i.redd.it/qrmldpmj8ev01.jpg,1525245622.0,76,0.97,11,CasualUK,ed_menac
8gfdzc,Belfast International Airport this morning. Not always quicker printing your own tickets.,,https://i.redd.it/0wo3fu7a2ev01.jpg,1525243430.0,7156,0.93,431,CasualUK,TIL_my_username
8gef8o,I recently moved to Dubai and was missing some home comforts. Luckily I found these in my local supermarket,,https://imgur.com/gallery/DFF1Mn5,1525231912.0,66,0.94,22,CasualUK,A_funny_user_name
8gcujy,"On sunny days, don't our beaches look quite nice?",,https://i.redd.it/7tl3yqegubv01.jpg,1525216704.0,74,0.97,20,CasualUK,cragglerock93
8gch0q,... can we go to the beach?,,https://imgur.com/mgPQPkc,1525213416.0,504,0.99,5,CasualUK,zwich
8gcgum,Damn,,https://i.redd.it/hm79dlhwkbv01.png,1525213368.0,224,0.97,20,CasualUK,wlltaylor
8gbqj4,Anyone want an Irn Bru?,,https://i.redd.it/8jwoyd413bv01.jpg,1525207361.0,620,0.95,21,CasualUK,HitlersWhoreHouse
8gbg95,A blast from the past I‚Äôd rather forget,,https://i.redd.it/vu8rpbs1wav01.jpg,1525205053.0,1324,0.98,247,CasualUK,[deleted]
8gbduf,Watching a documentary on fatbergs. Look at the size of this lad. Absolute unit.,,https://i.redd.it/ahtmixbkuav01.jpg,1525204534.0,139,0.93,22,CasualUK,[deleted]
8gb79b,What happened after the last time you fucked up this badly at work?,,https://i.redd.it/w2eot57nqav01.jpg,1525203224.0,112,0.99,46,CasualUK,Blurandski
8gadi6,Found this occurrence amusing...,[deleted],https://i.redd.it/x17cktwq7av01.jpg,1525196837.0,60,0.99,6,CasualUK,[deleted]
8gacm0,Really glad I decided to watch Rip Off Britain this morning. Couldn‚Äôt stop laughing at the sight of John from Sale investigating this multipack of Rolos,,https://i.redd.it/gpir8ia57av01.jpg,1525196641.0,441,1.0,40,CasualUK,[deleted]
8gacjp,When you get a negative review but have the CCTV to refute it!,,https://imgur.com/a/hQpRU3v,1525196625.0,65,0.98,13,CasualUK,BottleGoblin
8gac0p,Friend of mine works at McDonald‚Äôs. Best we got was a free apple pie.,,https://i.redd.it/5m7tdc2s6av01.jpg,1525196517.0,99,0.96,31,CasualUK,sunburnedtourist
8g9q55,A very British reason for not taking the lift.,,https://i.redd.it/hbkj1ppss9v01.jpg,1525191812.0,601,0.99,30,CasualUK,devongrrl
8g9n0f,Which is the best dessert? The Great British Dessert Off! Voting in comments,[deleted],https://i.redd.it/m09vmpjqq9v01.png,1525191133.0,97,0.86,146,CasualUK,[deleted]
8g9ejh,"I didn't know about this subreddit when this happened a few months back, but I thought you'd enjoy a picture of me dealing with a pheasant that flew into my window and died.",,https://i.imgur.com/kVQHcBr.jpg,1525189330.0,366,0.97,53,CasualUK,Dasnap
8g98h2,"Sure CEX, I believe you on this.",[deleted],https://i.redd.it/wpsbucohh9v01.jpg,1525188023.0,444,0.99,110,CasualUK,[deleted]
8g94ch,Welcome To Plymouth,,https://i.redd.it/ayjx48xqe9v01.jpg,1525187102.0,86,0.97,8,CasualUK,pyro3366
8g8vw6,A small selection from Sainsbury's boss Mike Coupe's Spotify playlist.,,https://i.redd.it/5jv2vmoi89v01.png,1525185167.0,103,0.95,6,CasualUK,fuck_the_hihat
8g8p3e,Cost effective shopping at Lidl,[deleted],https://i.redd.it/i0zh2x0a19v01.jpg,1525183565.0,52,0.91,10,CasualUK,[deleted]
8g8ldg,"Leaked Image of The Daily Mail Newsroom - Colourised, 2018",,https://i.redd.it/ezpwkncj19v01.jpg,1525182661.0,175,0.96,22,CasualUK,Warp__
8g8imj,"Refused entry into a Frankie and Bennies because there‚Äôs 7 of us in our family, the server was scared to let us in when it wasn‚Äôt even full! Here‚Äôs why...",,https://i.imgur.com/nazmIvO.jpg,1525181970.0,296,0.98,102,CasualUK,anonymousmice
8g86vn,/r/casualuk invoice generator - Daily Heil nicked your photo? Send them an invoice!,,https://garysmith.org.uk/invgenerator/,1525178941.0,608,0.97,83,CasualUK,mr-mistoffelees
8g7xhl,Regent Street looking extremely patriotic this morning. I‚Äôm not sure what I think of it really.,,https://i.redd.it/54uvy4rsi8v01.jpg,1525176340.0,252,0.94,80,CasualUK,FreyaSounds
8g7udy,Went a bit orange last night after all that rain and wind.,,https://i.redd.it/wiydzq73g8v01.jpg,1525175457.0,148,0.97,8,CasualUK,vbloke
8g7tyg,Local chippy isn't very happy with some of the negative reviews...,,https://i.redd.it/bys2jrgpf8v01.png,1525175327.0,363,0.98,97,CasualUK,Vindaloovians
8g7luf,I don‚Äôt know what they are but I know I need them!,,https://i.redd.it/y736ru2z78v01.jpg,1525172700.0,76,0.96,8,CasualUK,allinlowercase
8g7kd1,I don't trust people who have 'stand up desks' at work.,"By 'stand up desks', I mean that their desk is raised to standing height so that they spend all day stood up, rather than sitting on a nice comfy chair. 
 
Why don't I trust them? Too robotic for my liking, something straight out of /r/TotallyNotRobots. It reminds me that my office job will one day be taken (perhaps forcibly) by a mechanoid armada, slowly marching into the office, their lifeless eyes fixated on their task while they chant ""Debits and credits. Debits and credits. Debits and credits"" in unison.  
 
Part of me wonders whether these standing up people are even people... What if they're an early prototype? Elon Musk's latest enterprise, the electric office worker. Part of me wants to set the fire extinguisher off to see what happens. Perhaps they'll catch fire and melt away into nothing. Perhaps it'll enrage them and I will begin the first human vs droid war. 
 
If I'm not back soon, tell my family I love them.",https://www.reddit.com/r/CasualUK/comments/8g7kd1/i_dont_trust_people_who_have_stand_up_desks_at/,1525172227.0,99,0.93,54,CasualUK,WashingMachineInAPub
8g7ewc,Miracles do happen. I only had to ring my GP twice this morning before I got through. I‚Äôm still in shock.,,https://www.reddit.com/r/CasualUK/comments/8g7ewc/miracles_do_happen_i_only_had_to_ring_my_gp_twice/,1525170241.0,84,0.94,18,CasualUK,Sunsetsandshit
8g76sh,This guy was taking a photo of the sunset last night. He wasn‚Äôt even wearing shoes.,,https://i.redd.it/4s7rdmjvr7v01.jpg,1525167305.0,276,0.99,29,CasualUK,ninetieths
8g7044,Newspaper cramming as many choc bar puns into this ‚Äòstory‚Äô. classic.,,https://i.redd.it/56m1xe7qk7v01.jpg,1525164884.0,66,0.87,12,CasualUK,ThegreatestPj
8g6npm,THIS is the kind of unsolicited junk mail I can get behind - thanks Mr Milkman,[deleted],https://i.redd.it/a5aqwxnv57v01.jpg,1525159912.0,462,0.97,45,CasualUK,[deleted]
8g6new,I'm sick to death of damn Aussies claiming our culture as exclusively their own,"Just seen a thread about ""Aussie pies"" and what makes a pie an ""Aussie pie"" is that you can hold it in the palm of your hand unlike other pies. I chimed in and said it's a British thing and was told nah British pie culture isn't like Aussie pie culture where pies are a bigger thing. They already claim that cunt and mate are ""their words"", what more do they bloody want. ",https://www.reddit.com/r/CasualUK/comments/8g6new/im_sick_to_death_of_damn_aussies_claiming_our/,1525159801.0,666,0.97,316,CasualUK,Maybe_Im_Really_DVA
8g3shg,Today is a national holiday,,https://i.redd.it/b9pkmevrn4v01.png,1525129591.0,161,0.94,33,CasualUK,SamuelWren
8g3gfz,Mid/late 90's Starter Pack,,https://imgur.com/roZsOFw,1525126730.0,65,0.96,41,CasualUK,itsbri
8g38qk,Never thought I‚Äôd see one of these in the wild...,,https://i.redd.it/yo8ker82a4v01.jpg,1525124978.0,78,0.95,20,CasualUK,[deleted]
8g2tfm,Early/mid 2000s British childhood,,https://i.redd.it/nf23un4tz3v01.png,1525121600.0,326,0.96,128,CasualUK,SunKilMarqueeMoon
8g2l84,Been jobhunting this last week and found this gem,,https://i.redd.it/6allk6cpu3v01.png,1525119828.0,90,0.98,5,CasualUK,godimsuchageek
8g28gn,True,,https://i.redd.it/a72rwannm3v01.jpg,1525117103.0,392,0.98,9,CasualUK,Stef4Q
8g14nc,Lovely bit of mischief next to my local canal,,https://i.imgur.com/LY4fdmR.jpg,1525108713.0,133,0.98,12,CasualUK,theblackbelts
8g0sgf,I think Andy cheated on his wife,,https://i.imgur.com/LEZLwu7.jpg,1525106099.0,216,0.96,32,CasualUK,Bolognade6128
8g06mw,Not burnt????,,https://i.redd.it/efq6whelb2v01.jpg,1525101295.0,204,0.98,43,CasualUK,andyhazlewood
8fz5wm,POO BAGS IN THE BINE WHAT RANG WITH YOU?,,https://i.redd.it/3u38lw9tk1v01.jpg,1525092288.0,135,0.96,18,CasualUK,myelectiveishard
8fz1v1,Good advice!,,https://i.redd.it/be32g11fh1v01.png,1525091149.0,1191,0.98,31,CasualUK,DAsSNipez
8fyqm1,"Does anyone else think the real winner of the Good Morning Britain competitions is Andi Peters, who gets flown all over the world just for a 30 second clip to advertise the prize itself?",,https://cdn.images.express.co.uk/img/dynamic/20/590x/secondary/Andi-Peters-431161.jpg,1525087626.0,1267,0.98,63,CasualUK,funkyjim
8fypmn,What on earth does Dilly Dilly mean? Yanks getting it wrong once again.,[deleted],https://i.redd.it/j675ocny51v01.jpg,1525087276.0,237,0.95,118,CasualUK,[deleted]
8fygan,Just received this message from my dogsitter,,https://i.redd.it/n770a3qhv0v01.png,1525083927.0,119,0.96,25,CasualUK,syncopant
8fyg8i,One thing that still gives me hope for humanity...,"It's when you're in traffic and you see blue lights coming up from behind and the traffic parts like the Red Sea. People going up on the curb, getting out of the way any way they can. And it's 90% of people. Sure, some don't care, but they're in the minority. ",https://www.reddit.com/r/CasualUK/comments/8fyg8i/one_thing_that_still_gives_me_hope_for_humanity/,1525083905.0,125,0.96,30,CasualUK,HMS_Hexapuma
8fyeet,"Make your own Say ""No"" to SPWMs swan",[deleted],https://i.redd.it/8as9ujwot0v01.jpg,1525083204.0,452,0.98,11,CasualUK,[deleted]
8fy9fu,Virgin Trains stop being funny my train is 20 minutes late and I have missed my next train,,https://i.redd.it/gf9dn3f6o0v01.jpg,1525081299.0,93,0.94,27,CasualUK,shadaras99
8fy80g,"Judgement day is among us, we can only pray for the inner strength to overcome such turmoil",,https://i.redd.it/cfqh3hi9m0v01.jpg,1525080691.0,92,0.95,26,CasualUK,gingecom
8fy7oz,Had to double take this boats name,,https://i.redd.it/qvgkyijhl0v01.jpg,1525080548.0,63,0.93,6,CasualUK,datafreak
8fy6pj,Truly baffling. I can‚Äôt get over my bafflement,,https://i.redd.it/b739oqnpk0v01.jpg,1525080129.0,393,0.96,56,CasualUK,[deleted]
8fy2um,Anyone else grab this ‚Äòlight snack‚Äô from the Co-Op that was dangerously near to your secondary school?,,https://i.redd.it/ib1aln70g0v01.jpg,1525078546.0,2105,0.96,268,CasualUK,jcole91
8fxvo0,To half of the UK today: Hold your umbrellas higher! I don't want to lose an eye!,,https://www.reddit.com/r/CasualUK/comments/8fxvo0/to_half_of_the_uk_today_hold_your_umbrellas/,1525075351.0,51,0.96,20,CasualUK,cj4962
8fxv5f,Since when did the members of ABBA change their names?,,https://i.redd.it/zirfluft50v01.png,1525075159.0,462,0.94,27,CasualUK,MellotronSymphony
8fxr01,TNL you cruel ba...tds!,"So on Sat morning I got a text from The National Lottery UK saying 'we have news about your recently purchased lottery ticket, please click this link'. Was genuine, so clicked on the link and it took me to a 'server down' page for the TNL. BUT checking the URL, it ended in 'life changing page'. So that's me, fretting and daydreaming about a life changing win for about two hours. Page comes back up, I click the link again and I've won.....¬£25. Ah, you f...kers!!!! I thought this might have been my day....",https://www.reddit.com/r/CasualUK/comments/8fxr01/tnl_you_cruel_batds/,1525073409.0,52,0.89,11,CasualUK,SpecialCircs
8fxq9a,Monday motivation: upbeat on the street,,https://i.redd.it/yms9lmgrzzu01.jpg,1525073096.0,155,0.96,17,CasualUK,c0253484
8fxm30,Sick day today. What should I do?,,https://i.redd.it/8ytb0optuzu01.jpg,1525071456.0,106,0.92,127,CasualUK,ClarksonYouPillock
8fxd4a,Own up UK - what do you do to deliberately annoy your SO?,I stop the microwave on 0:01 and just leave it there ,https://www.reddit.com/r/CasualUK/comments/8fxd4a/own_up_uk_what_do_you_do_to_deliberately_annoy/,1525068013.0,257,0.97,296,CasualUK,mulborough
8fv7iu,I can't believe my town has named a street this.,,https://i.redd.it/yqa3a6mvlxu01.jpg,1525044262.0,161,0.99,19,CasualUK,cubbish
8fufvp,Keep calm and carry on...golfing.,,https://i.redd.it/m48qa87o0xu01.jpg,1525037114.0,361,0.99,26,CasualUK,itsaride
8fu6mm,My paper TV licence included a guide on how to fold it into a swan as an incentive to go paperless,,https://i.redd.it/fuygqsz3uwu01.jpg,1525034864.0,174,0.99,40,CasualUK,DreamPotatoes
8fu0zc,"Ham, Egg and Chips. Simple yet delicious. A proper English delicacy.",,https://i.redd.it/4odam2t4qwu01.jpg,1525033527.0,885,0.93,158,CasualUK,pintperson
8ftl7e,Who‚Äôs a member then?,,http://imgur.com/hSHSQZp,1525029730.0,141,0.97,11,CasualUK,PhysTom
g12zww,These really are unprecedented times...,,https://v.redd.it/xzybucw8ers41,1586859518.0,9287,0.94,343,CasualUK,jamieson999
g11i8y,good morning boys and girls ! Little dude just made my day,,https://i.redd.it/arjf33x8qqs41.jpg,1586851410.0,1443,0.99,33,CasualUK,drLens_in_da
g10iy7,"Telford Shopping Centre, '80s. It's a great day... OUT!",,https://www.youtube.com/watch?v=t_vZj1YIkVo&amp;feature=youtu.be,1586846483.0,149,0.99,60,CasualUK,Lit-Up
g0znuq,Someone too much time on their hands,,https://i.redd.it/3dz7o91azps41.jpg,1586842275.0,215,0.98,13,CasualUK,esprit-de-lescalier
g0v4cn,I love my brick!,,https://i.redd.it/afeyookegos41.jpg,1586823823.0,191,0.97,31,CasualUK,benharlow77
g0udpn,‚ÄúWe survived the war didn‚Äôt we?‚Äù,,https://i.redd.it/dpu2lsxbxls41.jpg,1586821101.0,100,0.92,15,CasualUK,ThiccBoiVibes
g0rwi2,Inside my local chapel.,,https://i.redd.it/p4eun4aojns41.jpg,1586812814.0,187,0.94,10,CasualUK,Spydee112
g0rq44,My mother in law made this little guy in a day,,https://imgur.com/a8Cx9Qy,1586812239.0,281,0.98,10,CasualUK,Mortanto
g0qi0w,"Meet Vesta my new mate, we have a chat each evening on my evening walk",,https://i.redd.it/t1tump456ns41.jpg,1586808269.0,127,0.97,16,CasualUK,BCF13
g0pkrw,My neighbour,,https://i.redd.it/dd4q8759xms41.jpg,1586805274.0,73,0.96,9,CasualUK,floopy-noopers
g0on1e,"My mates 12 year old turkey died...I assumed old age, he corrected me. Happy quarantine",,https://i.redd.it/mnip167soms41.jpg,1586802425.0,136,0.92,27,CasualUK,order66wasmyidea
g0nzh5,"Help me find... My 4 year old is asking, over and over again for a program which she describes as being about a ginger cat, in a green rocket, and he goes 'weeee'.","It is not Room on the Broom, and she's browsed most of Netflix and milkshakes, and bbc apps looking for it.

Any ideas before I lose the will to live.",https://www.reddit.com/r/CasualUK/comments/g0nzh5/help_me_find_my_4_year_old_is_asking_over_and/,1586800490.0,80,0.93,19,CasualUK,mrspea84
g0noe1,Made some roasties today and added the trimmings off some exceptionally fatty pieces of bacon we got from the butcher. They were magical!,,https://imgur.com/N5mv8cb,1586799562.0,154,0.95,22,CasualUK,26326312
g0ngid,"Found stuff in the garage: fence paint, plastic tub and an old pump. Now we have a beautiful water feature!",,https://i.redd.it/j8ib96b9ems41.jpg,1586798908.0,90,0.94,12,CasualUK,BeameupDeb
g0mpb8,"First time making Yorkshire puddings, I am pretty pleased! To accompany beef and stout casserole with mashed potatoes.",,https://imgur.com/voFuvnz,1586796576.0,580,0.98,75,CasualUK,Boople_noodle453
g0lulq,Where is the dragon?,[deleted],https://i.redd.it/8h5qmxb4wjs41.jpg,1586793942.0,83,0.9,20,CasualUK,[deleted]
g0l4eb,"Put some Easter eggs out for the bin men. They were so stoked, they forgot the empty the bin.",,https://www.reddit.com/r/CasualUK/comments/g0l4eb/put_some_easter_eggs_out_for_the_bin_men_they/,1586791750.0,210,0.98,19,CasualUK,coomzee
g0kt2c,"75% off, not including staff discount. You‚Äôd have to be a chump not to wait until after Easter",,https://i.redd.it/xsiw8oe3qls41.jpg,1586790762.0,279,0.96,35,CasualUK,dr_tar
g0km6a,Great to see all the wildlife coming out,,https://i.imgur.com/p0uobIv.jpg,1586790174.0,212,0.98,16,CasualUK,tempUK
g0khaj,The best carrier bag storage trick ever.!,,https://v.redd.it/quxn50mzmls41,1586789751.0,311,0.93,58,CasualUK,bfish76
g0j53e,"TIL on 24 March 1975, 50-year-old King's Lynn bricklayer Alex Mitchell died while watching the 'Kung Fu Kapers' episode of ""The Goodies"" after laughing nonstop for 25 minutes before a fatal heart attack. His widow later sent them a letter thanking them for making his final moments so pleasant.",[deleted],https://en.wikipedia.org/wiki/The_Goodies#Viewer_incidents,1586785241.0,75,0.99,9,CasualUK,[deleted]
g0i4q2,"This was on Facebook this morning , also my home town.",,https://i.redd.it/jwszeos7yks41.jpg,1586781383.0,145,0.95,16,CasualUK,slothmk1
g0hwfm,Thank you r/CasualUK,"These are strange times.  If you look at news websites, it's all bad news.  If you look at most of Reddit, much the same.

There however is one corner of Reddit that will forever be England (sorry, the UK.) But not the bad bits, just the bits that make us as a nation totally unique.  So, from the very bottom of my heart, thank you to all those who post, comment and moderate this subreddit for keeping us sane, happy and distracted.  

Thank you and stay British.

MCO",https://www.reddit.com/r/CasualUK/comments/g0hwfm/thank_you_rcasualuk/,1586780420.0,176,0.95,31,CasualUK,mike_hunts_onfire
g0gii6,"A few pictures that I've taken of Whitby, North Yorkshire and the surrounding area. Hope you enjoy!",[deleted],https://i.redd.it/2qrhfi24dks41.jpg,1586774290.0,85,0.91,7,CasualUK,[deleted]
g0fvpq,Who does not cherish a fine piece of literature on the road,,https://i.imgur.com/sKE9BSK.jpg,1586771280.0,20544,0.96,120,CasualUK,jaquesplakzak
g0fupp,A duck landed in my garden!,,https://i.redd.it/nlahdjar3ks41.jpg,1586771143.0,112,0.95,19,CasualUK,ThesoundofReddit
g0frpr,Truly a first world product,,https://i.imgur.com/614KVMl.jpg,1586770719.0,69,0.89,5,CasualUK,FabulousSkunk
g0fnv9,Cheap bullion!,,https://imgur.com/RCL1C9H,1586770166.0,122,0.98,19,CasualUK,goldfishpaws
g0fmsp,Eugene the Pug taking umbrage to an early Easter Monday sunrise in Somerset,,https://v.redd.it/qzpka2bb0ks41,1586770019.0,122,0.92,4,CasualUK,somersetpug
g0fm7e,I got two bags!!!!!,[deleted],https://i.redd.it/bma08ua60ks41.jpg,1586769938.0,93,0.98,6,CasualUK,[deleted]
g0fhek,Delivering fresh baked Easter goods Quarantine Style,,https://v.redd.it/9qslpge0yjs41,1586769270.0,62,0.95,2,CasualUK,AdolescentMonkTortle
g0eqyt,"My girlfriend and I made Greggs sausage, bean, and cheese melts",,https://i.imgur.com/3yx1TC4.jpg,1586765572.0,412,0.92,43,CasualUK,Orbalisk
g0eazi,Mr. Dilkington,,https://v.redd.it/3n0gcanapfs41,1586763347.0,211,0.96,25,CasualUK,OVOAdam
g0dv7t,"Had nice walk by the Trent a few nights ago. The water was so still, I couldn't believe it.",,https://imgur.com/2akU1Qq,1586761205.0,405,0.98,13,CasualUK,curlyfridge
g07ipl,This is a sight you don't often see....,,https://imgur.com/gallery/k2HdlH9,1586735283.0,51,0.94,4,CasualUK,Mohawk200x
g05y3p,Cadbury Fruit and Nut bars ain‚Äôt what they used to be...,,https://i.redd.it/135tmu6ungs41.jpg,1586729467.0,83,0.94,15,CasualUK,MPM001
g03r0q,"Painted the fence panels, had a BBQ. Top isolation Sunday.",,https://i.imgur.com/JumfRSU.jpg,1586722072.0,99,0.97,16,CasualUK,Witty_Comment
g03n2g,I was starting to get sausage roll withdrawal symptoms so I made my own.,[deleted],https://i.imgur.com/bigfpqT.jpg,1586721695.0,1338,0.99,47,CasualUK,[deleted]
g03iuo,Neighbours apparently think crucifying a stuffed bunny is a great way to celebrate Easter.,,https://i.redd.it/bo0jce3fzfs41.jpg,1586721305.0,223,0.97,19,CasualUK,OSUBrit
g02ods,I made some pasties!!,,https://i.redd.it/yp47ctb5rfs41.jpg,1586718480.0,247,0.92,69,CasualUK,fizzingwhizbeez
g02br7,An Easter miracle...still not sure how he managed to get there,[deleted],https://i.redd.it/z5ic0txtnfs41.jpg,1586717358.0,850,0.99,35,CasualUK,[deleted]
g0203h,Home made crumpets. Happy Easter!,,https://i.redd.it/rzs6b4qkkfs41.jpg,1586716263.0,110,0.99,31,CasualUK,yabyum
g00x4d,My sister's friend dug up a fired-yet-unexploded WW1 shell today. It has since been taken away by the authorities.,,https://i.redd.it/0hej2zuq9fs41.jpg,1586712620.0,427,0.99,63,CasualUK,shealuca
g006nd,"A Woman Wearing A Crazy Easter Bonnet, Morecambe UK 1959 .",,https://i.redd.it/0gixwrxe2fs41.jpg,1586710276.0,87,0.97,3,CasualUK,wadeybb
g0031k,Anyone else noticed that toad in the hole is essentially a sausage souffle for poor people?,,https://i.redd.it/k7xdt9ps1fs41.jpg,1586709948.0,90,0.9,44,CasualUK,coolez-nunez
fzzy5m,"Successful Easter egg hunt in the house, also found a condom.",,https://i.redd.it/xo2sujmh0fs41.jpg,1586709507.0,223,0.96,13,CasualUK,Alli-
fzzq6v,"Roast dinner but with fish fingers. Improvise, adapt, overcome",,https://i.redd.it/afp97kzbyes41.jpg,1586708784.0,296,0.91,44,CasualUK,childsy441
fzzhvp,Choose your bag,,https://i.redd.it/5ezjrmzzves41.png,1586708054.0,240,0.96,47,CasualUK,JohnRCC
fzzd9w,Staines-upon-Thames,,https://i.redd.it/txfgaxboues41.jpg,1586707635.0,137,0.97,18,CasualUK,[deleted]
fzz9w9,It seems we're fortunate round our way as someone has decided that graffiti can be used to spread local knowledge. Turns out this is the Old Kirkstall Ford (1876)!,,https://i.imgur.com/vYDZ4z8.jpg,1586707329.0,87,0.99,2,CasualUK,President-Nulagi
fzz7cq,My entry to my families annual egg painting competition!,,https://i.redd.it/tjswng5bses41.jpg,1586707103.0,286,0.95,14,CasualUK,tambilin
fzy94b,People deal with the current lockdown in different ways,,https://i.redd.it/e2axhyysjes41.jpg,1586703899.0,61,0.92,13,CasualUK,Jibjubwubwub
fzy7l2,"Happy Easter! As we celebrate the day that Brian died on the cross, so too must we remember the brave English Kniggits that defeated the invading French armies, as they sought the Holy Grail.",,https://i.redd.it/4v7nkfmyies41.jpg,1586703755.0,600,0.97,25,CasualUK,deusmetallum
fzxo6w,A break from all that hardcore monotony,,https://v.redd.it/4gpl6y5ides41,1586701785.0,136,0.94,15,CasualUK,tonelander
fzx2ll,Paddling pool update: I'm starting to worry it may be depressed,,https://imgur.com/5msSJOk,1586699424.0,1409,0.99,20,CasualUK,Minky_Dave_the_Giant
fzwzd9,Pass the parcel - life‚Äôs been a lie,"It wasn‚Äôt until my first child‚Äôs 4th birthday party that I realised pass the parcel is rigged and ALWAYS has been.

There was I merrily stopping the music at random when a parent approached me to berate me as their ‚Äúchild hadn‚Äôt had a go yet‚Äù.. a go?! This is pass the parcel, a game of chance and not equality!

Apparently I was totally wrong. My whole life had been a lie!",https://www.reddit.com/r/CasualUK/comments/fzwzd9/pass_the_parcel_lifes_been_a_lie/,1586699002.0,105,0.97,40,CasualUK,andykirbster
fzwrj3,Isolation Easter Sunday Lunch (Outside!) for One,,https://i.redd.it/ifrwp3dm2es41.jpg,1586698118.0,186,0.91,55,CasualUK,the_englishman
fzwfxc,All of this time off gave me and my dad a chance to build two sheds in the back garden. What do you think?,,https://i.redd.it/tfqndbmvyds41.jpg,1586696863.0,74,0.94,28,CasualUK,ELADESOM
fzvzuq,The Easter egg foil paradox,"The foil provided with an Easter Egg covers the whole egg, but no matter how much of it you eat, leave any amount and the foil won't even come close to being enough ü§î",https://www.reddit.com/r/CasualUK/comments/fzvzuq/the_easter_egg_foil_paradox/,1586695023.0,103,0.97,13,CasualUK,sleeppastbreakfast
fzvtnk,The bluebells are out (down south anyway!),,https://i.redd.it/tr82ha44rds41.jpg,1586694253.0,81,0.97,6,CasualUK,UnbiddenPack
fzvm7e,RIP Tim Brook Taylor.,As a R4 listener...a great loss. Damn this virus.,https://www.reddit.com/r/CasualUK/comments/fzvm7e/rip_tim_brook_taylor/,1586693320.0,136,0.94,57,CasualUK,bickering_fool
fzvglf,Thought I'd share my London Underground emoji quiz since I've nothing better to do. Enjoy,,https://i.redd.it/smrbugdwlds41.jpg,1586692590.0,122,0.96,22,CasualUK,CJ_Jones
fzv1rd,Amen,,https://i.redd.it/29hp47q0gds41.jpg,1586690516.0,6660,0.99,105,CasualUK,Harris6144
fzuutb,Made a new friend this morning on my walk,,https://i.redd.it/wgjf2mg3dds41.jpg,1586689537.0,246,0.98,13,CasualUK,r3tromonkey
fzuedv,Bloody massive bumble bees,Anyone else noticed that bumble bees seem to be enormous this year?,https://www.reddit.com/r/CasualUK/comments/fzuedv/bloody_massive_bumble_bees/,1586687145.0,73,0.93,50,CasualUK,NobleRotter
fzu8bw,Hereford Cathedral looking like the location for a final mission in assassin's creed.,,https://i.redd.it/b09oiyt43ds41.png,1586686281.0,371,0.97,13,CasualUK,MellotronSymphony
fzu7z0,Dippy egg and soldiers for breakfast,,https://i.redd.it/kiloums93ds41.jpg,1586686228.0,885,0.98,57,CasualUK,acjordon
fztho5,The quarantine cleanup led me to discover an ancient relic of the past. Baked bean toasties for all!,,https://i.redd.it/yvqmqlztrcs41.jpg,1586682383.0,413,0.97,81,CasualUK,Necronaut87
fztgqj,Wales's answer to Christ the Redeemer. Dai the Miner.,,https://imgur.com/ylkFRlk,1586682256.0,110,0.98,13,CasualUK,GatmanBegins
fzswvv,In the town of Zermatt Switzerland they have been displaying national flags on the Matterhorn to show support during these trying times. Today they did one for the United Kingdom,,https://i.redd.it/x8smulzx8bs41.jpg,1586679374.0,35766,0.95,550,CasualUK,EHainesReddit
fzstjn,Blue bells in full bloom on my morning exercise. Nottingham.,,https://i.redd.it/4o3yvyhhhcs41.jpg,1586678907.0,262,0.98,21,CasualUK,jamodu
fzsj77,Camera Obscura effect on my ceiling.,,https://i.redd.it/rslkhlv4dcs41.jpg,1586677465.0,498,0.97,19,CasualUK,mykeyboy
fzsecb,"Lovely Easter Sunday sunrise at Henlow, Bedfordshire",,https://i.redd.it/n4npk3d8bcs41.jpg,1586676810.0,114,0.94,6,CasualUK,scouserdave
fzonlj,Can't let a brew go cold.,,https://i.redd.it/vwr0jeoswas41.jpg,1586659839.0,2438,0.97,88,CasualUK,iangroves
fzjxsp,Beautiful day to build me some decking,,https://i.redd.it/xgnfbonuf9s41.jpg,1586642036.0,78,0.96,41,CasualUK,VaguelyEthereal
fzj1cq,Found this lovely tree during today's exercise,,https://i.redd.it/phevg88r59s41.jpg,1586638736.0,185,0.98,6,CasualUK,LightSweep
fzhcyg,Not what I was expecting to be honest.,,https://i.redd.it/lbp0trspw8s41.jpg,1586635598.0,99,0.95,5,CasualUK,epm73
fzh7rp,"My dad showed his appreciation for the NHS in the most British way today: via a chicken and mushroom pie! My mum, an NHS nurse, also in true British fashion, rolled here eyes! For her it's 'just doing her job' lol",[deleted],https://i.redd.it/3icqrrp4w8s41.jpg,1586635399.0,999,0.95,33,CasualUK,[deleted]
fzfxa2,When there‚Äôs a time lag as my YouTube recommended page reloads‚Ä¶,,https://i.redd.it/jgu6s2mpq8s41.jpg,1586633601.0,131,0.98,12,CasualUK,SvenSvenkill2
fzeepm,One for the Only Fools and Horses fans- sadly not in Peckham,,https://i.redd.it/uczp760kk8s41.jpg,1586631509.0,195,0.97,12,CasualUK,PhordPrefect
fze0z9,Because: tea!,,https://v.redd.it/ieau75h672s41,1586630968.0,8664,0.96,210,CasualUK,[deleted]
fzcstt,"Probably the most debauched creation to ever pass my lips. Well, definitely amongst the top three. DEEP FRIED RICE PUDDING with NUTELLA (a riff on Arancini). Happy Easter Redditors - here is something very naughty to amuse you during lockdown.",,https://imgur.com/a/cV6n6pA,1586629250.0,136,0.94,32,CasualUK,MumTeachesSonToCook
fzcr75,It's not a Bank Holiday without a plumbing emergency. That should be attached to the wall.,,https://i.redd.it/x0mb2cjmd8s41.jpg,1586629184.0,71,0.92,40,CasualUK,sockhead99
fzckdg,Happy Easter Everyone..,[deleted],https://i.imgur.com/4I0cQUx.jpg,1586628911.0,2466,0.96,77,CasualUK,[deleted]
fzc1aw,The kid's paddling pool feels the same as I do,,https://imgur.com/KQAIxTd,1586628165.0,183,0.99,5,CasualUK,Minky_Dave_the_Giant
fzawdx,Update following my tooth discovery I've discovered more bone fragments! The police confirmed they're not interested in investigating!,,https://i.redd.it/twstzo3z58s41.jpg,1586626605.0,440,0.98,143,CasualUK,AntiSocialMackerel
fzaaqc,We got to meet one of the lambs today!,,https://i.redd.it/f2adza4v28s41.jpg,1586625558.0,473,0.96,48,CasualUK,hull534
fvljup,All corgi‚Äôs heed the call of their pack leader...,,https://i.redd.it/xwdb7fihf2r41.jpg,1586121315.0,6392,0.99,88,CasualUK,donemessedupthistime
fvjd9c,So I was watching BBC America and this happened,,https://i.imgur.com/gHACGEk.jpg,1586113901.0,26904,0.97,504,CasualUK,Guygan
fvhz5h,Quarantine lockdown got me like,,https://v.redd.it/thsudm2gf1r41,1586109229.0,388,0.97,25,CasualUK,CluckyFlucker
fvglpo,You never lose it. 10 years since I worked in Mcd's.,,https://i.redd.it/60euzsk511r41.jpg,1586104390.0,5450,0.96,289,CasualUK,bungyeddie
fsihsz,"The bears are back, and back to work too, ain‚Äôt no quarantine gonna stop them!",,https://i.redd.it/aa82k9fzy1q41.jpg,1585679915.0,3711,0.99,71,CasualUK,pineapplepubes
ekbxgb,Throwback to when I learnt to drive,,https://i.redd.it/t87jjo7r4y841.jpg,1578224011.0,667,0.99,41,CasualUK,fatboyslick
ekbdjx,Did anyone else‚Äôs mum use to hand them a still damp school shirt/jumper and say ‚Äúit‚Äôll finish drying with the heat of ya body‚Äù?,Currently wearing slightly damp joggers as I refuse to wear trousers on my last day before going back to work. Made me think of my old dear assuring me it was fine to wear slightly wet clothes to school..,https://www.reddit.com/r/CasualUK/comments/ekbdjx/did_anyone_elses_mum_use_to_hand_them_a_still/,1578220009.0,220,0.98,61,CasualUK,PiNkY-PuNk
ekaumm,Upgraded to a PS4/Xbox One or having a spring clear out? Here's how you can help poorly children by donating your old console to a UK hospital.,"I read [this post](https://www.reddit.com/r/LifeProTips/comments/ek5r4n/lpt_donate_your_old_gaming_systems_and_games_to_a/) and wanted to turn inspiring advice into tangible action through r/CasualUK, because NHS. 

I'm sure I'm not the only one for whom video games are a welcome distraction when things in life are getting me down. They give me something to focus on, providing a form of escapism which stops me thinking about things I don't want to think about. 

In 2001, when I was a child, I spent some time in hospital. For a large portion of this, there was (fortunately) only one other patient, a toddler. Someone from my family was always with me, but I became bored very quickly - even the Goblet of Fire was soon finished. 

However, my dad found an old SNES in one of the boxes of toys at the hospital. He hooked it up to the CRT television and I spent weeks playing Starfox. 

I can only attempt to put into words how effective this was at distracting me from the pain and trauma. When playing games, I forgot I was injured, sad and alone. I was too busy thinking about how to get to the next level to notice my pain; I was happy when completing the level  and I didn't feel alone because I felt part of the game's story. 

You can only think one thing at a time and if you're thinking about playing a game, you're not thinking about whatever that issue is. You can enter [flow] (https://en.m.wikipedia.org/wiki/Flow_(psychology)) when playing video games, which is incredibly helpful when something bad has happened to you.

If you've got an Xbox360 or PS3 lying about/up the loft, it will be much appreciated by children like me, I promise you. 

If you're buying a next gen console this year, or know someone who will be, please think of donating your old console when you upgrade. If the PS5 does as well as PS4 on launch day, just 0.5% of day one buyers donating their old console would put a PS4 or Xbox One in every hospital in the country.

A volunteer can collect your console and its games for a UK hospital at: https://getwellgamers.org.uk/donate/donate-games/

Get Well Gamers will test them and pass them on for use in children's units, or trade obsolete equipment (e.g. PS2 /Wii) in to raise money to buy newer consoles.

Tl;dr being in hospital is not fun, especially for kids. Video games are fun, especially for kids. A volunteer will collect your old console and games from your home https://getwellgamers.org.uk/donate/donate-games/",https://www.reddit.com/r/CasualUK/comments/ekaumm/upgraded_to_a_ps4xbox_one_or_having_a_spring/,1578216251.0,155,0.99,11,CasualUK,loves2splooch
ekau6h,"2nd attempt of a homemade fry-up by an American living in London. I took your advice and added beans, a sausage wall, fried bread, an extra egg and crispy potatoes. I left out the tomato and mushroom on purpose. So far this is my best one!",,https://i.redd.it/23jc9a7ehx841.jpg,1578216156.0,39775,0.87,2554,CasualUK,borheist
eka8uf,"Grey‚Äôs monument, Newcastle this morning. Red sky in the morning...",,https://i.redd.it/gucts5vt4x841.jpg,1578211929.0,201,0.98,26,CasualUK,Meeshamoosha
ek9jsd,Beer in Devon looking rather lush! ‚úåÔ∏è,,https://i.imgur.com/XEslssp.jpg,1578207247.0,242,0.97,23,CasualUK,Panda_jiujitsu
ek3epi,Who else knew Punky had 2 siblings?!,,https://i.redd.it/adgnoh006u841.jpg,1578176006.0,202,0.96,32,CasualUK,bxc215
ek3cwb,Take a Break readers letters have taken a dark turn.,,https://i.redd.it/d7oert9b5u841.jpg,1578175771.0,673,0.99,51,CasualUK,SausageMcWonderpants
8ft3d8,"My friend sent me this, apparently Butter on Weetabix is a thing. I don't know what to think anymore.",,https://i.redd.it/9sig53xy1wu01.jpg,1525025437.0,229,0.95,125,CasualUK,plonkerboy900
8fsxyz,Dog works in mysterious ways,,https://i.redd.it/ls7heqv1yvu01.jpg,1525024122.0,3905,0.96,213,CasualUK,beagio
8fsm98,Beautiful day for a walk along the seafront,[deleted],http://i.imgur.com/vHBnMNw.jpg,1525021232.0,58,0.92,9,CasualUK,[deleted]
8fsamo,The embodiment of London Transport,,https://i.imgur.com/KgFTbGO.jpg,1525018343.0,174,0.97,17,CasualUK,food_is_heaven
8fs86c,Mr Kipling milking the cash cow that is the royal wedding,,https://i.redd.it/el7fdde5fvu01.jpg,1525017730.0,149,0.97,10,CasualUK,Eve-76
8fs5db,Sunday‚Äôs bring out my rebellious side,,https://gfycat.com/MistyFairAdamsstaghornedbeetle,1525016971.0,288,0.97,35,CasualUK,9DAN2
8frgu6,Pub wine list,,http://imgur.com/ouzWQih,1525010206.0,215,0.98,15,CasualUK,yerkhunt
8frepz,Accidentally called the neighbour's new handyman a 'daft cunt' thinking he was a mate playing a prank.,,https://imgur.com/a/rtTywr9,1525009446.0,397,0.97,28,CasualUK,MisterBreeze
8fr9z3,Were you really ever a kid in the UK unless you spent so long sitting on one of these your arse went numb?,,https://i.redd.it/pcwis6orluu01.jpg,1525007846.0,629,0.95,57,CasualUK,jcole91
8fr7xc,I've left a ticket from Waterloo to Sherborne (valid for today only with a 26-30 railcard) on top of the first machine in this photo. Good luck!,,https://i.imgur.com/4oWgtxj.jpg,1525007136.0,129,0.94,17,CasualUK,jmmL
8fr3h7,"The UK part in the international section, here in Australia. If you want a laugh zoom in on the prices.",,https://i.redd.it/y02sp4mteuu01.jpg,1525005511.0,262,0.99,217,CasualUK,macbisho
8fqx2o,"I walk past this car most days, starting to wonder if they'll run out of space eventually üòÇ",[deleted],https://i.redd.it/ivcb1uvn7uu01.jpg,1525003102.0,217,0.99,42,CasualUK,[deleted]
8fqurj,There is a special place in hell for these people.,,https://i.redd.it/kawwx57z4uu01.jpg,1525002249.0,87,0.94,12,CasualUK,askyerda
8fqhrt,An eclectic range of products and services at this shop in Oldham,,https://i.redd.it/t6rc89jxntu01.jpg,1524996464.0,265,0.99,9,CasualUK,limegreenbunny
8fqhra,Weekly Little Helps,,https://i.imgur.com/IqYBPYc.jpg,1524996457.0,487,0.98,6,CasualUK,tjuk
8fqewd,It‚Äôs all kicking off in the Isle of Man.,,https://i.redd.it/0icyoxbyjtu01.jpg,1524995133.0,400,0.99,24,CasualUK,DollyDaydreem
8fqdqt,We've got a super-intelligent crow living in our back yard.,"A few weeks ago we bought a window-mounted bird feeder from the RSPB, in the hope of encouraging the smaller birds in the area. It's a little plastic tray with a roof, attached to the kitchen window by suction cups.

After a couple of weeks of it being ignored, we stepped up our game from basic bird seed, adding a fat ball. Within hours, the fat ball had gone. Something had taken the entire thing and buggered off with it. Still no sign of small birds.

Upping the ante further, we added a few morsels of cheese, and some meal worms. Again, both vanished in no time, but the bird seed remained untouched, so we duly topped up the meal worms and the cheese, and waited.

Wednesday this week, and we found the culprit. Entering the kitchen, my other half discovered a bloody great crow standing on the windowledge, craning his neck to get the cheese. Having shooed him off, we reattached the feeder higher up, out of his reach.

Friday. We come home to find the feeder on the ground below the window, and one of the suction cups has gone. Nowhere to be seen. Our friend has been back, thinks I, and he's a spiteful bugger. 

Yesterday afternoon, as we sat in the living room with a brew, wondering what to do about the missing suction cup, we heard a CAW CAW CAW from the kitchen.

There's friend crow, on the window ledge, peering in to the kitchen, accusing us. Of course, he buggered off as we approached the window, but what should we find on the ledge but the missing suction cup.

Clever boy.",https://www.reddit.com/r/CasualUK/comments/8fqdqt/weve_got_a_superintelligent_crow_living_in_our/,1524994559.0,218,0.98,66,CasualUK,SquireBev
8fqc68,Maplin is where men meet for sex,,http://www.thedailymash.co.uk/news/society/maplin-is-where-men-meet-for-sex-2014013183134,1524993806.0,94,0.96,12,CasualUK,SpecsaversGaza
8fqaqd,"Susie Dent is launching an initiative called Words Where You Are, with the Oxford English Dictionary, hunting down some of the most elusive slang terms for everyday items that only exist in specific parts of the country.",,http://www.bbc.co.uk/programmes/articles/5j0ZPLgbFQyJBvTD3hBdjhP/the-quirkiest-local-words-from-around-the-uk,1524993091.0,221,0.99,152,CasualUK,Hidethegoodbiscuits
8fq7eq,Infinity Store,,https://i.redd.it/13t1mmxj8tu01.png,1524991558.0,60,0.96,2,CasualUK,baysym
8fq5ur,"The joy of stumbling across now respected actors playing bit parts in old stuff. Peter Capaldi, Poirot, 1989",[deleted],https://i.redd.it/afs4btm17tu01.jpg,1524990786.0,493,0.99,69,CasualUK,[deleted]
8fq5pf,Feels like someone shat in my head during the night. Applying emergency bacon and tea. Pray for me,,http://imgur.com/crjCiZP,1524990739.0,308,0.94,44,CasualUK,yerkhunt
8fppnk,Advert seen in newsagent's window: 'No nutters please',[deleted],https://i.redd.it/mjgk3np1lsu01.jpg,1524983459.0,5516,0.96,100,CasualUK,[deleted]
8fnr6n,Bargain at Tesco tonight! Cuddly cat for a fiver!,,https://imgur.com/OYGeyc4,1524959738.0,60,0.95,6,CasualUK,Purrfurr
8fnptk,The Most Daring Crossover,,https://i.redd.it/m7t22e5flqu01.png,1524959337.0,54,1.0,7,CasualUK,bitstream1
8fngbd,"Outside a pet shop; Horwich, Lancashire",,https://i.redd.it/1ds4ll96dqu01.jpg,1524956549.0,160,0.98,6,CasualUK,Adcro
8fn7ll,Dilly dilly bullshit,"I saw an advert today for Bud Light. (https://youtu.be/9mGNhvkVT8Q if you can bear the horror)

I can‚Äôt believe how shitty this whole thing is from top to bottom. For a start this a drink designed to be watered down version of what is already hyper-chilled piss. Secondly isn‚Äôt the UK market totally oversaturated with this kind of shitty lager. And thirdly who in the hell is going to be convinced to drink this stuff by the monumental fucktardery that is that advert. 

Do they some how think that when Garry and Kev get shit faced down the Kings Arms that they secretly imagine themselves to be heirs to some low-grade, rehashed monty python style medieval high jinks? Or are some combination of the words fucking and tossers going to be passing through their heads? I am not sure which is worse, one of the most embarrassing displays of marketing that I have ever seen or a drink that is surely an insult to the very concept of the pub?",https://www.reddit.com/r/CasualUK/comments/8fn7ll/dilly_dilly_bullshit/,1524954072.0,98,0.96,52,CasualUK,QuQuTrain
8fml0x,Decided to walk up the road for a pint after all. Greeted like this in pub.,,https://imgur.com/lkBBM55,1524947917.0,125,0.97,22,CasualUK,BottleGoblin
8fmkbu,Team GB just won promotion to the top tier of international hockey with a 3-2 win over Hungary!,,https://i.imgur.com/IQOZcX0.jpg,1524947739.0,177,0.98,22,CasualUK,FaliforniaRepublic
8fmho3,"Next CasualUK night out, perhaps?",,https://i.redd.it/pyus787vkpu01.jpg,1524947028.0,247,0.98,19,CasualUK,cubbish
8fme4p,"Some cats bring to their humans birds and mice....Except Oliver, he brings teabags",,https://i.redd.it/s3p575ryfou01.jpg,1524946087.0,145,0.96,25,CasualUK,[deleted]
8flu29,"Bought some new glasses today from specsavers and got this ¬£50 voucher for advanced digital hearing aids. No use to me, if you could use it or know anybody who could, let me know and I‚Äôll send it over rather than put it in the bin.",,https://i.redd.it/wftlzrgo2pu01.jpg,1524940892.0,57,1.0,14,CasualUK,21Conor
8flkqp,"He thinks he‚Äôs hilarious. Wherever we go, he will find mud...",,https://i.redd.it/dgjnzm0nvou01.jpg,1524938528.0,56,0.95,8,CasualUK,ShutTheFrontDoor__
8fljzw,"In a few days, The Inbetweeners will be 10 years old. I‚Äôm old.",,https://i.redd.it/roe77iz2vou01.jpg,1524938335.0,392,0.97,33,CasualUK,AnthonyDawnwalker
8fle44,"Haven't isn't the nicest area but still, this pair look far too young to be having a baby",,https://i.imgur.com/yD6VQWs.png,1524936828.0,344,0.98,30,CasualUK,RoryC
8fl93y,Boils my piss every time,,http://imgur.com/kOp32dW,1524935553.0,67,0.97,10,CasualUK,yerkhunt
8fkz1b,Sleeping on the job,,https://v.redd.it/gkdfd4rn3nu01,1524933011.0,91,0.93,9,CasualUK,tourboi
8fkthi,"dad just made me this coffee, the thing is whiter than me",,https://i.redd.it/8gp13bcsaou01.jpg,1524931553.0,64,0.99,17,CasualUK,InsertName699
8fkqe7,Possibly the most casual advert I've ever seen...,,https://i.redd.it/berbu31h8ou01.jpg,1524930756.0,47,0.96,12,CasualUK,mronion82
8fko88,Found this 1.1kg Maris Piper at Saintsbury's,,https://i.redd.it/nkel1jok6ou01.jpg,1524930178.0,117,0.98,31,CasualUK,iwannaholdyour-ham
8fkmrp,They must be quality,,https://i.redd.it/53r7zola5ou01.jpg,1524929789.0,76,0.98,11,CasualUK,docju
8fkj8n,Sainsbury‚Äôs and Asda are merging you say?,,https://twitter.com/Scott_W88/status/990214585306304512,1524928851.0,224,0.98,21,CasualUK,Warp__
8fkdz0,Spotted in Warwick motorway services... gotta love British humour üòÇ,,https://i.redd.it/syqhmu4dynu01.jpg,1524927467.0,77,0.93,18,CasualUK,_Magnanimous_
8fk8ai,Found this Gem in Edinburgh,,https://i.redd.it/tnc9ra1rtnu01.jpg,1524925881.0,825,0.95,19,CasualUK,JayStains
8fjuw4,"When browsing the world food aisle, have you ever wondered what a UK aisle would look like? Well here you go... Bovril, Branston Pickle, Birds Custard, Hob Nobs, stuff I have never seen in my life. No Marmite though because that isn't allowed in Denmark",,https://i.redd.it/ofjb4l1whnu01.jpg,1524921838.0,131,0.97,82,CasualUK,octopus_dance_party
8fjutu,Nice day for a walk up here (before descending to nearby beer festival),[deleted],https://i.redd.it/puh4lrethnu01.jpg,1524921819.0,140,0.99,8,CasualUK,[deleted]
8fjs7c,Rick Stein's Cornish Tavern only uses 1 ply!,,https://imgur.com/U3Z8MAg,1524920968.0,60,0.98,16,CasualUK,D0GSBLOOD
8fjpzk,Do you have a tighter mate than me?,"My friend once asked me for ¬£4.50 because when we went to a concert I offered to buy them a drink which they declined then later asked for ¬£4.50, when I asked how I owed them money they explained that that‚Äôs what the drink they didn‚Äôt have would have cost so I owed them it. Clearly I told them to piss off.
Can anyone beat that? ",https://www.reddit.com/r/CasualUK/comments/8fjpzk/do_you_have_a_tighter_mate_than_me/,1524920264.0,355,0.99,147,CasualUK,rizozzy1
8fjl7s,Tesla owner who turned on car's autopilot then sat in passenger seat while travelling on the M1 banned from driving,,https://www.telegraph.co.uk/news/2018/04/28/tesla-owner-turned-cars-autopilot-sat-passenger-seat-travelling/,1524918547.0,57,0.97,16,CasualUK,knightcastle
8fjine,Describe yourself using Bread,,https://i.redd.it/e8shcisf5nu01.jpg,1524917648.0,69,0.93,29,CasualUK,Komradeadamski
8fjh7s,Nothing hits the spot like a good pork pie from the butchers down the road,,https://imgur.com/a8ceA5M,1524917169.0,101,0.94,19,CasualUK,yorkshiretea1
8fjb9n,Down the bookies. Stay in control yeah?,,https://i.imgur.com/iCSXwym.jpg,1524914793.0,106,0.98,16,CasualUK,forams_galorams
8fj7y6,Irnbru coffin for sale in Edinburgh...,[deleted],https://imgur.com/wAI3BwC,1524913417.0,204,0.98,19,CasualUK,[deleted]
8fj07k,"Congratulations, /r/CasualUK, You're Subreddit Of The Day!",[deleted],https://www.reddit.com/r/subredditoftheday/comments/8fj027/april_28th_2018_rcasualuk_ed_balls_day/,1524910080.0,430,0.97,160,CasualUK,[deleted]
8fiw98,Biscuits in a cup-a-soup. No joke.,[deleted],https://www.reddit.com/r/CasualUK/comments/8fiw98/biscuits_in_a_cupasoup_no_joke/,1524908273.0,58,0.95,21,CasualUK,[deleted]
8fiv8t,Made this monstrosity a couple of years back. God i miss the old days,,https://i.redd.it/heryrfa5cmu01.jpg,1524907799.0,86,0.91,5,CasualUK,Jonhinchliffe10
8fiufo,Only in Scotland,,https://i.redd.it/rjzmu9p4bmu01.jpg,1524907427.0,67,0.96,22,CasualUK,stonelemon
8fil9x,Well that should get the message across!,,https://i.redd.it/1eaow0rcylu01.jpg,1524903134.0,293,0.98,28,CasualUK,Tattydubs
8fij1i,Queuing for the tip to open. Rock and roll Saturday morning,,https://i.imgur.com/cYv2eNF.jpg,1524902145.0,168,0.98,51,CasualUK,MrAndyBear
8fihxh,Parking in Devon is ridiculous,,https://i.imgur.com/ISpNdnM.jpg,1524901649.0,411,0.99,42,CasualUK,RyanGUK
8fihvd,Looking for my Reddit penpal,"I'm not from the UK, I'm from the US (please don't hold that against me) so if this isn't allowed please delete. I met a guy about 20 years old or so a few months ago in a Reddit thread. He talked about how his parents don't really ask questions about his day to day life and we got talking almost every day. We both liked video games and talked a lot about our families and gaming and life. I had put together a care package and was ready to send it when life hit me sideways, and due to some self harm issues I had to delete my account. 

I don't want to lose touch with my penpal, but I'm terrible with names and didn't write his down. It began with an H(I think I'm pretty sure it did) and his username was his first name and some more letters. If this is you, please message me. I miss talking to you!!! BTW, my old username had mayhem in it if that helps. 

Thanks everyone!!!",https://www.reddit.com/r/CasualUK/comments/8fihvd/looking_for_my_reddit_penpal/,1524901622.0,202,0.98,41,CasualUK,Painfuldelights
8figoj,Used 2 toilets yesterday both with rules. Every rule has a story behind it,,https://imgur.com/HDrqT2I,1524901097.0,68,0.95,11,CasualUK,Purple_turtleneck
8fie5j,Dave,,https://i.redd.it/ko4wfhj2plu01.jpg,1524900004.0,21918,0.94,236,CasualUK,wishybulky
8fhv3w,A moment of silence for a fallen comrade,,https://i.redd.it/xw088g073lu01.jpg,1524892670.0,128,0.96,31,CasualUK,Firestronaut
8fgguo,Stan pal what are you doing?,,https://i.redd.it/tvkgr6o7sju01.jpg,1524876938.0,87,0.97,14,CasualUK,discojesus100
8fg29p,Chicken Run sequel confirmed by Aardman,,http://www.bbc.co.uk/news/uk-43922140,1524872870.0,88,0.99,22,CasualUK,skyepilotgurl
8ffcqh,"The true national anthem, symphony of the British Isles",[deleted],https://i.redd.it/zfdxgs6zviu01.png,1524865993.0,127,0.79,35,CasualUK,[deleted]
8ff8f0,‚ÄúWe didn‚Äôt want to cause a fuss‚Äù,,https://i.redd.it/dkeu4utnsiu01.jpg,1524864881.0,2417,0.98,86,CasualUK,WarwickshireBear
8fextn,Graham Chapman's Eulogy by John Cleese,,https://www.youtube.com/watch?v=CkxCHybM6Ek,1524862299.0,60,0.97,3,CasualUK,lackofemotions
8feg1n,"Shithouse to Penthouse | Hackney, London",[deleted],https://i.redd.it/e1jam6rf8iu01.jpg,1524858128.0,69,0.97,7,CasualUK,[deleted]
8fe1xs,This sign always disappoints,,https://imgur.com/AH3COFZ,1524854939.0,86,0.97,12,CasualUK,zeugma25
8fdl42,MFW watching Infinity War in Edinburgh,[deleted],https://i.redd.it/45rw6uyknhu01.png,1524851213.0,421,0.96,35,CasualUK,[deleted]
8fdjhz,"The Edinburgh Dungeon is opening a Rat Cafe, I'm booked in!",,https://i.redd.it/gr139nbmmhu01.jpg,1524850861.0,66,0.97,15,CasualUK,weeb55487
8fdfkk,Popped into a coffee shop while waiting for my mates and was given this monstrosity,,https://imgur.com/4vfnerd,1524849996.0,79,0.97,16,CasualUK,sacred2580
8fcihn,The titles of these two posts could be swapped,,https://i.redd.it/ptz8ibj5zgu01.jpg,1524842849.0,777,0.98,27,CasualUK,dannyboy1101
8fcho3,Prince Willima,,https://i.redd.it/9wvq9sb3ofu01.jpg,1524842677.0,91,0.94,7,CasualUK,Stef4Q
8fcejo,Stay safe out there!,,https://i.redd.it/8n7cqsfswgu01.jpg,1524842053.0,957,0.96,19,CasualUK,fatherstretch
8fbq4i,A delicious parcel just arrived,[deleted],https://imgur.com/To5Dw9y,1524836510.0,209,0.96,27,CasualUK,[deleted]
8fbo7p,I love criticising The Great British Menu when I'm eating beans on toast,,https://www.reddit.com/r/CasualUK/comments/8fbo7p/i_love_criticising_the_great_british_menu_when_im/,1524836015.0,61,0.99,5,CasualUK,180311-Fresh
8fb68b,Heads-up: 50p/unit of alcohol in Scotland from Tuesday 1st. Supermarket example offer today: 20 cans of lager or 18 of cider for ¬£10. Minimum price from Tuesday: ¬£17.60 for the lager and ¬£19.80 for the cider.,"50p minimum price per unit (10ml) of alcohol comes into force on Tuesday the 1st of May 2018. So pretty much the last chance to buy alcohol cheaply if you're so inclined. It'll basically wipe out the lager, beer and cider offers we're used to in the supermarkets and many of the spirit ones as well.  
  
Example minimum price calculations (other alcohol is available):  
&gt; Tennents lager = 20 x 440 x 0.04 = 352ml of alcohol = 35.2 units = ¬£17.60  (Carling equiv)   
&gt; Strongbow cider = 18 x 440 x 0.05 = 396ml = 39.6 units = ¬£19.80  
&gt; Tyskie beer  = 500 x 0.055 = 27.5ml = 2.75 units = ¬£1.38/can  
&gt; Carling lager = 440 x 0.04 = 17.6ml = 1.76 units = ¬£0.88/can  
  
Probably worth adding two that are often described as problem drinks as well:  
&gt; Frosty Jack = 3000 x 0.075 = 225ml = 22.5 units = ¬£11.25 min vs ¬£3.69 in Iceland now  
&gt; Buckfast = 750 x 0.15 = 112.5ml = 11.25 units = ¬£5.63 - No impact on price",https://www.reddit.com/r/CasualUK/comments/8fb68b/headsup_50punit_of_alcohol_in_scotland_from/,1524831320.0,64,0.96,41,CasualUK,zak75
8fb2m2,I hate being thick and working in retail.,[deleted],https://www.reddit.com/r/CasualUK/comments/8fb2m2/i_hate_being_thick_and_working_in_retail/,1524830271.0,134,0.92,85,CasualUK,[deleted]
8fb0dj,Got gifted some ‚Äúvintage‚Äù clothing for my son today.,,https://i.redd.it/mwct0alovfu01.jpg,1524829578.0,108,0.94,21,CasualUK,[deleted]
8fatbn,Can't even go the Range now without being insulted,,https://i.imgur.com/0PrnLj6.jpg,1524827309.0,439,0.98,25,CasualUK,[deleted]
8faqqy,Has Anyone Seen This Doggy?,,https://i.redd.it/35czs3ckmfu01.jpg,1524826518.0,87,0.98,21,CasualUK,bellybuttonfluff
8famkj,[Follow up] I did it Reddit! Thank you for your support!,[deleted],https://i.redd.it/65lw5efbifu01.jpg,1524825081.0,66,0.9,32,CasualUK,[deleted]
8fa1td,"Piggybacking off the Tots TV post from yesterday, here‚Äôs some photos from when me and some friends visited the dilapidated set.",,https://m.imgur.com/a/q2QFMI6,1524817110.0,83,0.98,40,CasualUK,AaronianKenrod
8fa16o,"Britain, never change.",,https://i.redd.it/ek6chfsuteu01.png,1524816855.0,836,0.98,31,CasualUK,[deleted]
8f9ubx,Proof the UK isn't all doom &amp; gloom,,https://thelincolnite.co.uk/2018/04/dulux-dog-eats-sausage-ribbon-to-open-new-lincoln-college-training-facility/,1524814135.0,50,0.95,8,CasualUK,steve_downing1
8f9ntg,"Since fucking when did you need to take a mortgage out to watch a film? ¬£27.50 for two tickets, consider my piss fizzed!",,https://i.redd.it/yh7hgvmteeu01.jpg,1524811800.0,285,0.98,199,CasualUK,[deleted]
8f9kgj,Any one on this sub live here,,https://i.redd.it/ic2kbnf7beu01.jpg,1524810580.0,132,0.97,100,CasualUK,zxnx3
8f9jzp,The only good news station.,,https://i.redd.it/645nuw3oaeu01.jpg,1524810400.0,5148,0.94,175,CasualUK,Flipp3r_Feet
8f9enz,A drunk Scouser in Las Vegas,,https://youtu.be/5u0JfNY_YIk,1524808486.0,208,0.98,19,CasualUK,westblockblue
8f9e4q,Summer's over,,https://imgur.com/pLmgewz,1524808285.0,66,0.98,6,CasualUK,jh89th
8f94gl,Interesting advice from Derren Brown‚Äôs YouTube page,,https://i.redd.it/7300wb6rudu01.jpg,1524805048.0,171,0.97,13,CasualUK,mbraderz
8f6wh1,"My youngest teens birthday today, this is the card his sister gave him.",,https://i.redd.it/ys8gz3ay0cu01.jpg,1524782926.0,407,0.97,19,CasualUK,henrycharleschester
8f619i,When can I start?,,https://i.redd.it/1ywz6g2efbu01.jpg,1524775667.0,169,0.98,28,CasualUK,Kenuff
8f5zi6,Please share your bluebells pictures!,,https://i.redd.it/c9rgq5k0ebu01.jpg,1524775290.0,63,0.96,15,CasualUK,myelectiveishard
8f5ntl,This Week's Jim'll Paint It Is The Best Yet.,[deleted],https://twitter.com/Jimllpaintit/status/989563549298118657?s=20,1524772779.0,52,0.94,7,CasualUK,[deleted]
8f4ysu,"After a 60 year hiatus, Sainsbury's is back to grocery delivery by bike in London (x-post from r/london)",,https://i.imgur.com/LqeVIEu.jpg,1524767352.0,120,0.98,22,CasualUK,Red_Spangler
8f4vnz,Large what now?,,https://i.redd.it/xah1dxgroau01.jpg,1524766714.0,208,0.96,12,CasualUK,Disobedientmuffin
8f4gly,To the person/people reporting every post mentioning the monarchy,"One would think that by now you would have noticed that we clearly don't consider the subject of the monarchy to be strictly against the rules. You know, because there's a ton of posts about them remaining unremoved, no matter how many times you report them. Also note the picture of the Queen in the sidebar.

We will remove posts which become too repetitive, but we have no intention of banning all mentions of the Queen or her family from this sub.

Cheers",https://www.reddit.com/r/CasualUK/comments/8f4gly/to_the_personpeople_reporting_every_post/,1524763615.0,132,0.95,54,CasualUK,joethesaint
8f3oh2,"We all work with an OAP or an old geezer, but today I actually worked with a dinosaur",,https://i.redd.it/x0qnw6o2y9u01.jpg,1524757746.0,65,0.92,9,CasualUK,HarryGoLocky
8f3k42,Chuckle Brothers to make TV comeback,,http://www.bbc.co.uk/news/entertainment-arts-43907917,1524756847.0,234,0.96,63,CasualUK,53781654617839967654
8f35ev,Nice to see everyone getting 'excited' for the Royal Wedding!,,https://i.redd.it/tkvhpypql9u01.jpg,1524753589.0,174,0.99,28,CasualUK,Uin18
8f2kt9,Scandalous: Monopoly chose Liverpool and Leeds as the browns,,https://i.imgur.com/dStb2Qj.jpg,1524748778.0,130,0.97,115,CasualUK,TopTrumpWANKER
8f29b6,BBC have some explaining to do.,[deleted],https://imgur.com/b8UTBx7,1524745837.0,159,0.97,26,CasualUK,[deleted]
8f20dw,Asda Smart Price knows their target audience is poor.,,https://i.redd.it/xdhkhzn6r8u01.jpg,1524743312.0,363,0.97,44,CasualUK,Vetrolliraptor
8f1wjr,"I figured it out boys, I can now become a grandfather.",,https://i.redd.it/03bapmumn8u01.jpg,1524742121.0,149,0.93,13,CasualUK,Doublebow
8f1ndj,"My Facebook memories have just delivered this beaut - my son at 7 days old, looking like the lovechild of Johnny Vegas.",,https://i.redd.it/j2uu0lrje8u01.jpg,1524739063.0,1002,0.96,22,CasualUK,cocaineandcigarettes
8f1l3r,Breaking News - all sense of proportion lost.,,https://i.redd.it/mnedyauzb8u01.jpg,1524738206.0,216,0.92,23,CasualUK,comradelev
8f1dda,"Last night after the Avengers screening, a queue of around 50 people collectively yelled at a couple for cutting in front of everyone and stealing a taxi. The next 20 minutes we all bonded over terrible queue etiquette.",,https://www.reddit.com/r/CasualUK/comments/8f1dda/last_night_after_the_avengers_screening_a_queue/,1524735336.0,59,0.92,9,CasualUK,DanHero91
8f1cj3,Was at a midnight screening last night and some dickhead clapped when the Hulk came on. Everyone else was completely silent and he never tried it again.,,https://www.reddit.com/r/CasualUK/comments/8f1cj3/was_at_a_midnight_screening_last_night_and_some/,1524735012.0,111,0.95,62,CasualUK,thatguy9921
8f192i,Blackpool Shop Window Display,,https://i.redd.it/58rwendfy7u01.jpg,1524733643.0,93,1.0,5,CasualUK,Mickmas123
8f1570,BBC Sky at Night Magazine are getting a bit personal with their puns!,,https://i.redd.it/n1hb5ezpt7u01.png,1524732089.0,195,0.97,13,CasualUK,ownworstenemy38
8f0zeo,Without being too mean to each other. What's your favourite and least favourite UK accent?,"Mine would be:

Favourite: Edinburgh area Scottish accent. It sounds reassuring and it gets bonus points because unlike some parts of Scotland I can actually understand most of it.

Least favourite: Essex accent. Not quite cockney but desperate to be so, and far too loud. Faacking hell.",https://www.reddit.com/r/CasualUK/comments/8f0zeo/without_being_too_mean_to_each_other_whats_your/,1524729715.0,52,0.93,198,CasualUK,theartofrolling
8f0o3g,Anyone else logged in this morning (Desktop) to be greeted by the horrendous new Reddit UI?,It is truly awful!,https://www.reddit.com/r/CasualUK/comments/8f0o3g/anyone_else_logged_in_this_morning_desktop_to_be/,1524725469.0,80,0.99,64,CasualUK,BCF13
8f0gj6,Lord Sugar got Onion‚Äôd,,https://i.redd.it/t61pqdbq17u01.jpg,1524722649.0,16414,0.93,360,CasualUK,docju
8f06ui,The correct way to prepare a crisp packet for disposal..,[deleted],https://i.redd.it/cfb7ohisr6u01.jpg,1524719309.0,208,0.95,69,CasualUK,[deleted]
8eytqb,I‚Äôm assuming they made a human pyramid and put the cone on top. I‚Äôm just scared of the people who can do this drunk.,,https://i.redd.it/cz3c88jsl5u01.jpg,1524705180.0,73,0.97,13,CasualUK,SimDelCalSalBris
8ex6yj,So...I took the life in the UK test today,"I passed. Some of the questions: where is the Eden Project, which is a Crown dependency,what is the capital of Northern Ireland, when men and women had the same voting age, why is Maggie Thatcher famous, how is the ‚Äúinvitation to invade‚Äù for William of Orange in 1688 known, what should a dog‚Äôs collar say, if the Queen needs to be present when we sing the National Anthem, which are courts for minor criminal offences, which flower William Wordsworth wrote about, which country James the I was already king of, which houses were in the War of the Roses, what started in 1939 with the invasion of Poland(seriously) , who is the spiritual leader of the Church of England,who campaigned for women‚Äôs votes.

What they didn‚Äôt ask, but probably should have: Which is the best biscuit/crisp/chocolate bar/sweet (Chocolate Hobnobs, cheese&amp;onion, Crunchy, Bassets Jelly babies), what to do when someone jumps the queue( tut), what to do when someone jumps the order for the bar (glass them), is it allowed to talk to strangers on pubic transport (in London, so I‚Äôm gonna say...are you ‚Äòavin‚Äô a giraffe?), what to do after all the excitement of tutting, glassing and talking to strangers (cuppa tea).

Edit: Also, where did Bonnie Prince Charlie try to raise troops. Edit 2: Who instructed for the Domesday Book to be written, who to tell if you‚Äôre being recruited for terrorism (also seriously).Edit 3: between whom is a famous boat race. Edit 4: what kind of system MSPs‚Äôs are elected with.

Yeah, I‚Äôm trying to write down as many as I remember. Some day my descendants might ask me where they come from , all I have to show them is a Reddit post.

Also, please keep‚Äôem coming lads/laddettes, I need a laugh tonight",https://www.reddit.com/r/CasualUK/comments/8ex6yj/soi_took_the_life_in_the_uk_test_today/,1524691076.0,54,0.98,78,CasualUK,white_ran_2000
8ewmgp,Over on askUK... my mind is blowm,,https://i.redd.it/luamah0u24u01.png,1524686697.0,168,0.99,171,CasualUK,scruffymid
8ewhjj,Drive Safely,,https://i.redd.it/yzg7jegpz3u01.jpg,1524685645.0,106,0.99,14,CasualUK,UsesRedditjust4memes
8ew6uk,Thunderbird 2 spotted in the Midlands,,https://i.redd.it/7uo3c4vts3u01.jpg,1524683332.0,353,1.0,23,CasualUK,scruffymid
8ew11p,"Marketing UK comedy as ""Raunchy european TV Shows"" doesn't really work in the UK.",,https://i.redd.it/2l8esboyo3u01.jpg,1524682073.0,270,1.0,43,CasualUK,trickpsyclist
8ever0,"Oh, the irony",,https://i.imgur.com/X3BnCyo.jpg,1524677479.0,120,0.98,7,CasualUK,Furry_Badgers
8eumtc,"On train platform. Old woman walks past everyone. ""Good morning everyone"" - no one replies. Stops, turns around and at the top of her voice screams ""I SAID GOOD MORNING EVERYONE!"" - people replied out of shock. ""That's better. Some common decency!""",Hard not to respect that authority.,https://www.reddit.com/r/CasualUK/comments/8eumtc/on_train_platform_old_woman_walks_past_everyone/,1524671661.0,500,0.98,75,CasualUK,anagoge
8euiau,A weeb-mobile spotted in Paignton,,https://i.redd.it/93tc7yu9r2u01.jpg,1524670704.0,114,0.96,31,CasualUK,TheBurgerKftLettuce
8eugik,Some quality reviews for a local grammar school,,https://i.redd.it/eli06ij1q2u01.png,1524670338.0,85,0.99,6,CasualUK,fletchem
8eu7ow,Every UK Childhood ever,,https://i.redd.it/dz69176nk2u01.jpg,1524668472.0,1511,0.98,63,CasualUK,Naughty_Sesh_Rs
8eu290,"It‚Äôs a shithole, but it‚Äôs my shithole ‚ù§Ô∏è",,https://i.redd.it/d1s7dfg0h2u01.jpg,1524667252.0,330,0.99,43,CasualUK,Sweeting_Thorns
8eu1vb,A stark difference between BBC3 and BBC News !,,https://i.redd.it/kr1u1d7rg2u01.jpg,1524667164.0,80,0.93,6,CasualUK,squashpickle8
8eu189,Apparently I'm not suitable to be an astronaut because I don't commit suicide upon discovering a fire.,,https://i.redd.it/5w6owvb8g2u01.jpg,1524667026.0,155,0.98,22,CasualUK,[deleted]
8etshf,"This van was parked opposite my office. I said to my colleague ""it looks like Sean Connery has started an illicit poultry supply firm"". She didn't get it.",,https://i.redd.it/mgq2urqfa2u01.jpg,1524665042.0,145,0.96,8,CasualUK,RedversBuller
8etp8j,Countdown Bumhole,[deleted],https://i.redd.it/ws62cano62u01.jpg,1524664270.0,56,0.96,3,CasualUK,[deleted]
8ethco,"Ok, I'm listening Tesco...how exactly?",,https://i.imgur.com/duSkv3L.png,1524662301.0,140,0.99,13,CasualUK,Duckeezilla
8et9z5,An unfortunate typo in the Metro today,,https://i.redd.it/eped00dht1u01.png,1524660458.0,436,0.99,36,CasualUK,barkley87
8esw6r,Crafty bastards made me think I had something interested posted to me.,,https://i.imgur.com/oyPtwoZ.jpg,1524656637.0,53,0.93,18,CasualUK,9DAN2
8esua5,Who said Kent was the classy garden of England?,,https://i.redd.it/l6r6sblqj1u01.jpg,1524656062.0,123,0.96,18,CasualUK,Rosstifer25
8estpf,Spotted in the Background of Avengers: Infinity War,,https://imgur.com/dZ0eyjv,1524655882.0,60,0.95,17,CasualUK,Ameer_L
8eskh7,Comment on the royal baby announcement,,https://i.redd.it/0rfzomvaa1u01.jpg,1524652887.0,410,0.97,57,CasualUK,Bulking_Bad
8eskeh,Currently mid wax for Macmillan. It's as fun as it sounds.,,https://i.redd.it/ogd1l4b6a1u01.jpg,1524652857.0,160,0.91,42,CasualUK,HarryGoLocky
8escdo,Can't dunk into my tea? Not for me,,https://i.imgur.com/c56cIiL.png,1524649906.0,219,0.97,32,CasualUK,TopTrumpWANKER
8esbnt,Trying to balance money and billsüò©,,https://v.redd.it/t7ii09vf01u01,1524649644.0,136,0.97,22,CasualUK,WiskeyDelta_Wills
8es8dw,"Knowing that whatever you choose to wear, it will be the wrong choice.",,https://i.redd.it/vy46xpvxu0u01.png,1524648354.0,366,0.99,22,CasualUK,Simorneon
8es6os,Add colour to your home with a white kitchen set courtesy of Wilko,,https://i.redd.it/fyt9p3tsu0u01.jpg,1524647676.0,67,0.96,4,CasualUK,PengdelaCreme
8es1z3,Queen Elizabeth,,https://i.redd.it/4k22hkfkcyt01.jpg,1524645828.0,414,0.94,18,CasualUK,Captain_Flomo
8es0p1,Came across this in Edinburgh. Does anywhere else in the country have these?,,https://i.imgur.com/QyXJkUa.jpg,1524645274.0,556,0.98,85,CasualUK,MAGICAL_ESKIMO
8erxov,"I've just done the BBC's new ""string test"" where you measure your height and waist. You waist is supposed to be half the height measurement.","Apparently I'm 3"" too short",https://www.reddit.com/r/CasualUK/comments/8erxov/ive_just_done_the_bbcs_new_string_test_where_you/,1524644058.0,97,0.97,59,CasualUK,the_real_grinningdog
8erwqc,I'm pretty sure this was not done knowingly...,[deleted],https://i.imgur.com/PrYOayM.jpg,1524643661.0,54,0.93,19,CasualUK,[deleted]
8ertoy,That was the life,,https://i.redd.it/6w0o11b5f0u01.jpg,1524642411.0,1025,0.98,83,CasualUK,HitlersWhoreHouse
8errt3,Sometimes the truth stings a little,,https://i.redd.it/q4b3epstc0u01.jpg,1524641630.0,28895,0.82,1493,CasualUK,AHipsterWalrus
8erq91,Seeing this before you‚Äôve checked your ticket is as exciting as life will ever get,[deleted],https://i.redd.it/tdkotnh3b0u01.jpg,1524641048.0,69,0.96,16,CasualUK,[deleted]
8erohb,Found out yesterday that my new place of work has a designated tea making room - I‚Äôve never been this happy.,,https://i.imgur.com/M2PCcNn.jpg,1524640361.0,141,0.96,27,CasualUK,willington123
8erdtz,3 weeks ago as a joke I volunteered to wax my legs thinking it would never go ahead. Today I am getting my legs waxed for MacMillan Cancer Support,"So today is the big day and I still don't really know why I said I would do it.

I will be uploading the video to YouTube for you all!

The link to the JustGiving page is here - https://www.justgiving.com/fundraising/harry-lock1

",https://www.reddit.com/r/CasualUK/comments/8erdtz/3_weeks_ago_as_a_joke_i_volunteered_to_wax_my/,1524636514.0,58,0.86,10,CasualUK,HarryGoLocky
8ep1ry,Sat in my local A&amp;E (again) and I notice there‚Äôs a cat behind the reception desk. Only in Bristol.,,https://i.redd.it/uevfkd35zxt01.jpg,1524612826.0,100,0.98,13,CasualUK,[deleted]
8eosl4,After seeing all the cats in tesco I can't help but feel sorry for this little guy that can't even get inside the shop,[deleted],https://i.redd.it/83zz25susxt01.jpg,1524610776.0,80,0.97,2,CasualUK,[deleted]
8en8ep,‚ÄúSecret‚Äù Nuclear Bunker,,https://i.redd.it/k322bxh5swt01.jpg,1524598361.0,185,0.93,34,CasualUK,AWB2000
8en0o7,"Nestle Whip - AN OUTRAGE. When it was revealed that walnuts were no longer going to be included, I was very upset because I bloody love walnut whips. I decided to buy a ‚Äòwhip‚Äô today, &amp; it is an ABSOLUTE barrel of crusty wanksocks. It wasn‚Äôt enough that they took away the walnut, but they are TINY.",[deleted],https://i.redd.it/63it7xjbnwt01.jpg,1524596740.0,56,0.94,36,CasualUK,[deleted]
8emwvs,Someone drew an X in blood on my bin . I have no clue why,,https://i.redd.it/27hzqkuzkwt01.jpg,1524595952.0,57,0.99,42,CasualUK,WorstSingedUK
8emka9,Good to see Tesco have replaced the sweets sensibly since the Sugar Tax...,,https://i.redd.it/zqbom8iddwt01.jpg,1524593386.0,158,1.0,10,CasualUK,fegoc180
8emgrt,These bright evenings are great,[deleted],https://www.reddit.com/r/CasualUK/comments/8emgrt/these_bright_evenings_are_great/,1524592667.0,71,0.94,0,CasualUK,[deleted]
8em6ct,"Today I discovered that ""Great Britain"" has a review page on Google Maps. Seems it isn't to everyone's taste.",,https://i.redd.it/9o282ell3wt01.png,1524590530.0,468,0.99,119,CasualUK,flashmanual
8em5nq,My local Subway charges 50p for the option of choosing who makes your sandwich,,https://i.imgur.com/MViGK5Y.png,1524590373.0,154,0.99,66,CasualUK,Afrocat
8em3jq,Surprised there hasnt been a civil war over this yet.,,https://i.redd.it/rmj5dia43wt01.jpg,1524589937.0,264,0.98,109,CasualUK,kraftymiles
8em2e0,Oh no Harry...,,https://i.imgur.com/OjaCp8c.jpg,1524589704.0,178,0.94,16,CasualUK,SupermotoArchitect
8elgj7,This fellow is in my local charity shop looking out into the street at passers by. Quite cheers me up in the morning.,,https://i.redd.it/hwwdf3nuovt01.jpg,1524585140.0,137,1.0,15,CasualUK,sk6895
8elakx,The Sharknado writers are getting really desperate for new ideas.,,https://i.imgur.com/liwf50F.jpg,1524583888.0,199,0.98,15,CasualUK,IAmNotStelio
8ekxss,A tenner for a cat? The co-op has them for free!,,https://i.redd.it/yarxz9awcvt01.jpg,1524581126.0,328,0.99,17,CasualUK,Friend_69
8ekfip,I understand our rail system has its problems but a 17 million hour changeover is a bit much,,https://i.imgur.com/H1jx9F7.jpg,1524576885.0,300,0.99,26,CasualUK,4d3d3d343
8ekch9,Not my job,"The 7up in the vending machine where my office is has been set to 1p instead of ¬£1. 

So I'm enjoying the cool and sweet refreshment of a 7up and 99p change.

I feel a little guilty.

But it's not my job.",https://www.reddit.com/r/CasualUK/comments/8ekch9/not_my_job/,1524576122.0,103,0.99,21,CasualUK,DrShadyBusiness
8ek65q,"Nature Watch: Shedded snake skin, can anyone identify the beauty this came from?",,https://i.redd.it/sjg604obtut01.jpg,1524574541.0,204,0.99,15,CasualUK,Preacherjonson
8ek5df,UK runs without coal power for three days in a row,[deleted],https://www.theguardian.com/business/2018/apr/24/uk-power-generation-coal-free-gas-renewables-nuclear,1524574336.0,105,0.96,24,CasualUK,[deleted]
8ek5bh,Passive aggressive reminder,,https://i.redd.it/6lb3w1zmsut01.jpg,1524574322.0,76,0.99,3,CasualUK,Mickmas123
8ek3jq,"How very, very casual",,https://i.redd.it/i6y2i41arut01.jpg,1524573861.0,60,0.95,12,CasualUK,NexusGirl
8ek30y,"The Cleveland Way, just outside Staithes on Saturday Morning",,https://imgur.com/FrXoNFw,1524573720.0,66,0.99,1,CasualUK,DavosLostFingers
8ejigu,Something we can all get behind,,https://i.redd.it/s1fgz23ugrt01.jpg,1524567347.0,35838,0.91,647,CasualUK,HitchikersPie
8ejfg7,How do you feel about your town/city centre?,"I recently moved back to my home town of Doncaster after being away for almost twenty years. 
It used to be a fairly nice place. Lots of good shops, a great market, reasonably clean, nice people. It had lots of good pubs, and a great night life. 

Now, it‚Äôs a shit hole and not somewhere I go unless I really have to. There‚Äôs beggars everywhere, legitimately poor or not - who knows. Lots of drunks, people taking drugs. I actually walked passed a drug deal going on in the town centre. 

The shops are crap. Pound shops, bargain shops, mobile repair shops (judging by which, Doncaster has the highest proportion of broken phones per capita on earth). 

A lot of people like to blame immigrants, but that‚Äôs bollocks in my opinion. All the beggars and wasters are English... 
I personally blame the council for removing car parks and letting people build lots of out of town strip malls. 

Has your home town declined? If so, why do you think it has? ",https://www.reddit.com/r/CasualUK/comments/8ejfg7/how_do_you_feel_about_your_towncity_centre/,1524566231.0,68,0.98,221,CasualUK,[deleted]
8ejcop,BBC headline: Gas around Uranus,,http://www.bbc.co.uk/news/science-environment-43871497,1524565178.0,59,0.98,7,CasualUK,RibboCG
8ej2sy,If C-3PO was a cockney.,,https://streamable.com/pheo1,1524561331.0,174,0.97,17,CasualUK,Stalemate9
8eizp8,Couldn't think of another name starting with 'H'?,,https://i.redd.it/geraxibhmtt01.jpg,1524560135.0,68,0.98,37,CasualUK,HarryGoLocky
8eiwks,"Remember the weekend, when it was hot? üòï",,https://i.imgur.com/GK80Q9r.jpg,1524558818.0,177,0.97,17,CasualUK,TheAmazingSausage
8eiiak,Went on a 3.5 mile detour to get to the other side of this railway track,,https://i.imgur.com/wN1wXw2.jpg,1524553057.0,119,0.98,38,CasualUK,_tarasbulba
8ei8z7,Eight Months Prison for giving the finger (and a laser jammer),,https://northyorkshire.police.uk/news/laser-jammer-prison/,1524549641.0,55,0.99,29,CasualUK,karmaportrait
8efa5l,"Right, how do trains work?","I'm 16 and never used a train. I want to go from my local station down to Cardiff Bay. Local station doesn't have a ticket machine or whatever, just 2 platforms. 

How do they check tickets? how do I know what train to get on? (and switch to?)",https://www.reddit.com/r/CasualUK/comments/8efa5l/right_how_do_trains_work/,1524520239.0,56,0.97,39,CasualUK,vision000
8ef0bs,"Hark, a mummified Ringwraith Turd..",[deleted],https://i.redd.it/3wu2x9i95qt01.jpg,1524518018.0,121,0.98,37,CasualUK,[deleted]
8eeyj2,The Queen in a hoodie driving a Range Rover. Doesn‚Äôt get more British.,,https://i.redd.it/e23nsoq24qt01.jpg,1524517617.0,149,0.92,33,CasualUK,AndrewX0123
8eeic1,"New Poundland store opening, England at its finest",,https://i.imgur.com/a36IFLq.png,1524514079.0,1432,0.98,215,CasualUK,Jeff-Stelling
8eecub,"This deserves some respect... not a lot, but respect nonetheless",,https://i.redd.it/5uhejkv1qpt01.jpg,1524512903.0,391,0.98,32,CasualUK,GallifreyFNM
8ee6x7,At least they're honest I suppose,,https://i.imgur.com/vmWEUaor.jpg,1524511638.0,102,0.95,14,CasualUK,fernbritton
8edwct,Have you seen Michael? Found in a South London pub.,,https://i.redd.it/ha870r0sfpt01.jpg,1524509459.0,92,0.98,17,CasualUK,deformedfishface
8ednmj,"Jason Manford has sold 1,066 tickets for his show in Hastings. What are the odds.",[deleted],https://i.imgur.com/nWwkTdu.jpg,1524507639.0,156,0.94,22,CasualUK,[deleted]
8edhji,Loving Google's sass tonight,[deleted],https://i.redd.it/xexbq51n6pt01.jpg,1524506372.0,615,0.98,54,CasualUK,[deleted]
8edd3h,Remember when it was safe to walk the streets? Smh,,https://i.redd.it/7rs2hnhy3pt01.jpg,1524505471.0,62,0.97,8,CasualUK,fegoc180
8ed1dz,Sounds like the case of the Century...,,https://i.redd.it/1uj0hvbjwot01.jpg,1524503000.0,289,0.99,16,CasualUK,jamokachi
8ec8ub,"We Sent Garlic Bread to the Edge of Space, Then Ate It",,https://www.youtube.com/watch?v=c8W-auqg024,1524496852.0,73,0.96,22,CasualUK,gsurfer04
8ec5yc,"I didn't want to resort to this, but this what happens when you keep making off with all the teaspoons.",,https://imgur.com/beLfI24,1524496215.0,67,0.95,21,CasualUK,Fifth-Freedom
8ec1a7,Well i‚Äôd be dead,,https://i.redd.it/7bm2itaa9ot01.jpg,1524495169.0,10484,0.94,471,CasualUK,HitlersWhoreHouse
8ebvi8,"M&amp;S now do mini Colin the caterpillar cakes, so everyone can have a bit of Colin‚Äôs face!",,https://i.redd.it/9457iadb5ot01.jpg,1524493836.0,109,0.96,15,CasualUK,PM_ME_PENGWINGS
8ebqw6,This BBC caption,,https://i.redd.it/6jle8rn32ot01.png,1524492757.0,542,0.99,42,CasualUK,The-Summit
8ebfd0,"Fun Fact: The UK extends further north than Oslo, Stockholm, Helsinki &amp; St. Petersburg",[deleted],https://i.redd.it/k154p93vtnt01.png,1524489977.0,175,0.98,43,CasualUK,[deleted]
8eb187,Got told off by an old birdwatcher for accidentally scaring some birds away yesterday and I'm still mildly annoyed.,"Went for a walk in the countryside with a couple mates yesterday and we climbed up this small bank of grass to get a view of the area. About 10 minutes later an old bloke caught up to us and asked us why we thought we could just go up on the bank, and gave us a bollocking because we apparently scared away some rare birds. Genuinely did not think he was being serious at first!",https://www.reddit.com/r/CasualUK/comments/8eb187/got_told_off_by_an_old_birdwatcher_for/,1524486170.0,155,0.99,45,CasualUK,Josh_Shikari
8eazs7,You know you're in Devon when... IKEA celebrates Exeter opening with Viking longboat full of cream teas,,https://www.devonlive.com/news/devon-news/ikea-celebrates-exeter-opening-viking-1489075,1524485778.0,63,0.97,7,CasualUK,KissyKissySpider
8eavpx,"I know no one cares about them, but...I couldn't stop laughing when I read this comment: James Matthews has got the longest neck I have ever seen, his head is very, VERY far away from his body!",,http://i.dailymail.co.uk/i/newpix/2018/04/22/00/4B694A2F00000578-5642821-image-a-204_1524351899273.jpg,1524484570.0,219,0.94,54,CasualUK,derawin07
8eauq1,Good to see order and discipline at grassroots level football.,,https://i.redd.it/5d3kfg2wcnt01.jpg,1524484261.0,580,0.98,57,CasualUK,pintperson
8eaqly,Special Notice,,https://imgur.com/NwJPx6D,1524482956.0,194,0.99,18,CasualUK,mr-mistoffelees
8ea6gq,"It's 45 years to the day since my Great Great Uncle died. Here he is after winning the Isle of Man TT in 1914, along with a picture of the motorbike he invented.",,https://i.redd.it/iw928me8nmt01.png,1524475683.0,426,0.97,39,CasualUK,MellotronSymphony
8ea5sz,Appropriately named estate agent on Homes under the hammer.,,https://i.redd.it/eqkfzrhimmt01.jpg,1524475412.0,212,0.95,33,CasualUK,grifftinfoilhat
8e9qga,"Welp, there goes any normal news today",,https://i.redd.it/wrim0sap3mt01.jpg,1524469077.0,12579,0.93,1123,CasualUK,spacejester
8e9ieq,British slang ruined this lovely post for me,,https://www.reddit.com/comments/8e97j9,1524466036.0,139,0.95,28,CasualUK,goldfishpaws
8e9cm8,Better lovestory than twilight,,https://i.imgur.com/Kwj5rot.gifv,1524463834.0,201,0.96,7,CasualUK,tourboi
8e6beo,A lovely sunset,[deleted],https://i.redd.it/xjobizcv1jt01.jpg,1524432128.0,67,0.96,3,CasualUK,[deleted]
8e5xmf,Payday seems so far away,,https://i.redd.it/quj1g76mrit01.jpg,1524428678.0,223,0.98,14,CasualUK,Ekauno
8e5qln,The aftermath of a village police chase. Anyone for mini golf?,,https://i.redd.it/vuppmrjbmit01.png,1524426980.0,119,0.98,26,CasualUK,OneClickMouse
8e555q,Countryfile gets on my tits,"Once a gentle programme about country life and farming, it's now become a lifestyle magazine for the middle class. 

This week, Matt 'shiny nice cunt' Baker visits an artisan seaweed bread retreat and asks fatuous questions to some yoga bastard while Helen. Blue Peter' Whatsherface fannies about talking funny. Oh and here's Adam 'Rare Breeds, 12 Range Rovers' Ginger bastard walking across a field to talk about organic pig wanking with some trustafarian bastard

Just fuck off",https://www.reddit.com/r/CasualUK/comments/8e555q/countryfile_gets_on_my_tits/,1524421771.0,869,0.97,141,CasualUK,yerkhunt
8e54gx,Celebrating St. George's at Buckingham Palace,,https://i.redd.it/9thujrxh6it01.jpg,1524421595.0,96,0.95,3,CasualUK,[deleted]
8e4zrx,Found this whilst clearing out the spare room. Published in 1997. Perfect title.,,https://i.redd.it/2gidr4e33it01.jpg,1524420435.0,219,0.99,32,CasualUK,Nomadic_Sushi
8e41gs,My new kitten Freya getting casual near my living room window. Look forward to so many lazy Sundays with this little furball.,,http://imgur.com/dPXJdBw,1524411997.0,57,0.91,12,CasualUK,chilli_addict_tech
8e3lh8,What is it with these people?,,https://i.redd.it/zpwn5o4a1ht01.jpg,1524407719.0,70,0.95,27,CasualUK,fgsk
8e3e1w,Perfect beer garden weather chaps!,,https://i.redd.it/ul0nsbdsugt01.jpg,1524405570.0,51,0.96,12,CasualUK,subpial
8e3bjv,Most under rated crisps of all time?,[deleted],https://i.redd.it/tq56ysdgsgt01.jpg,1524404747.0,152,0.87,45,CasualUK,[deleted]
8e3b4e,"After almost a year of searching and struggling with depression, I've broken into my field and start Tomorrow!","Since leaving uni i've struggled a lot with depression more so then in uni because I suddenly had no access to counselling. After a really low point I tried brute forcing my way out of it, being aggressively positive to everything I did. Got dressed in the morning? **Fuck yeah, you are a functioning adult! Keep going or I swear I'm going to force you to do something harder.** . 
While this was helping it was very slow going, the turning point came when one night I woke to a serotonine burst. I felt amazing, everything was light and cozy and I wondered if this is what doing drugs was like. A realisation occured to me, it had been 6 months at that point since I felt what being happy was like. I literally forgot. So with this knowledge and my determination to force myself better I tried harder things. 

I know had to start eating better, keeping the house clean, socialising, everytime I slipped I remembered that happy feeling and that If I tried hard enough that would be a routine thing again. 

The biggest mountain to face and the one that triggered the depression; finding a job in my field. After so many rejections my hope was low. I was getting desperate. One of the cleaners I worked with mentioned a company I hadnt heard off and suggested I try it. I went for it, didn't hear a reply for weeks so added it to the pile of rejections and tried to push on. Eventually I got a call back and after 2 interviews, a physical and written exam I got offered a job! An actual career job! Even better it was in investigations, which is a bitch to get into with 0 experience. 

I've never worked in an office, or a prison (where this one is), absolutely no idea what i'm actually meant to be doing or if there are any universal but unspoken office rules?? Also does anyone know what a typical shadowing is like? Am I just going to be awkwardly sat next to someone while they work? I'm worried about messing this up. 

Sorry for the block of text, but I wanted to share what I'm considering one of my biggest achievments. 

**TL;DR: Beat the worst of my depression through sheer brute force and managed to get a job in investigations after almost a year of applying**

EDIT: Thanks for all the support guys, you've made me feel a bit more confident going forward. Hopefully tomorrow goes smoothly. ",https://www.reddit.com/r/CasualUK/comments/8e3b4e/after_almost_a_year_of_searching_and_struggling/,1524404613.0,121,0.96,36,CasualUK,Bored_Pigeon
8e388r,Mum demands apology after being told to 'control your children or leave pub',,https://www.derbytelegraph.co.uk/news/derby-news/ragley-boat-stop-mum-complaint-1481555,1524403686.0,54,0.94,66,CasualUK,FatCharlie236
8e349k,"I've just turned 30 and rather than receiving a lynx box set as is customary, my mum has cruelly given me old spice instead.",,https://i.imgur.com/ROeB1IC.jpg,1524402371.0,58,0.98,19,CasualUK,bullnet
8e3192,Our nation's finest export,,https://i.redd.it/pkngodfbigt01.jpg,1524401341.0,130,0.96,21,CasualUK,TwentyHundredHours
8e2y2l,While we‚Äôre on the topic of cats in Tesco...,,https://i.imgur.com/97flKBj.jpg,1524400156.0,166,0.98,18,CasualUK,thebeesbollocks
8e2xew,"Sex education, made fun!",,https://i.redd.it/fteui7d3egt01.jpg,1524399917.0,9034,0.97,51,CasualUK,MellotronSymphony
8e2vlx,UK loves change.,[deleted],https://i.redd.it/2376o603cgt01.jpg,1524399243.0,282,0.99,15,CasualUK,[deleted]
8e2o7s,"My view from the pub garden, Norfolk.",[deleted],https://imgur.com/k3L4YpR,1524396260.0,121,0.97,20,CasualUK,[deleted]
8e2m92,Our local Tesco knows what's up.,,https://imgur.com/RN5sO6e,1524395424.0,630,0.99,21,CasualUK,lagoon83
8e2kp1,Help me stop getting fat...i have just discovered these beauties,,https://i.redd.it/opdgtcawyft01.jpg,1524394808.0,579,0.97,98,CasualUK,BritishOvation
8e2jtk,"""Watching 28 Weeks Later with the #LondonMarathon commentary on is fun."" - BBCBigField on Twitter",[deleted],https://twitter.com/BBCBigField/status/988003328574525440?s=19,1524394426.0,99,0.99,18,CasualUK,[deleted]
8e2ian,*Chuckles* I'm in danger.,,https://i.redd.it/o7ja56bovft01.jpg,1524393739.0,590,0.97,36,CasualUK,CrimsonDaedra
8e2i1r,Thomas the... Car?,,https://imgur.com/VD1qt8X,1524393621.0,299,0.98,27,CasualUK,justhisguy-youknow
8e2f3w,"You go to a dinner party, you take a bottle of wine. You go to a BBQ...",,https://i.redd.it/ljrilaa2rft01.jpg,1524392236.0,117,0.94,63,CasualUK,tigralfrosie
8e2e3k,Tesco Staff: Do you ever question yellow sticker discounts?,,https://i.imgur.com/cuNJy0o.jpg,1524391802.0,683,0.99,119,CasualUK,itsbri
8e2aoh,"As soon as I got dressed in nice clothes for the sun, it started raining and is now completely cloudy.",[deleted],https://www.reddit.com/r/CasualUK/comments/8e2aoh/as_soon_as_i_got_dressed_in_nice_clothes_for_the/,1524390211.0,96,0.98,11,CasualUK,[deleted]
8e25ch,Do you think that the queen gets sick of hearing the national anthem?,Must get dull hearing it wherever you go,https://www.reddit.com/r/CasualUK/comments/8e25ch/do_you_think_that_the_queen_gets_sick_of_hearing/,1524387647.0,50,0.97,26,CasualUK,OnceHadHair
8e1xpn,I hear you guys like eggs for breakfast - here's some fresh eggy bread,,https://i.imgur.com/8e6NCpl.jpg,1524384032.0,1760,0.89,361,CasualUK,JayneLut
8dzqru,"While the cat‚Äôs in Tesco, there‚Äôs a parrot down at Asda",,https://i.redd.it/enha6zdfrct01.jpg,1524355974.0,93,0.99,15,CasualUK,Big_Miss_Steak_
8dz44d,I found Scotland.. in Manchester.,,https://i.redd.it/qjn3msxe8ct01.jpg,1524349583.0,64,0.99,18,CasualUK,EchoVixen
8dz3ko,What a difference a year-ish makes...,,https://i.imgur.com/Xd7p2d6.jpg,1524349428.0,1476,0.96,124,CasualUK,cubbish
8dywqo,A fight broke out on my train. I pushed the emergency button. AMA,,https://www.reddit.com/r/CasualUK/comments/8dywqo/a_fight_broke_out_on_my_train_i_pushed_the/,1524347562.0,64,1.0,54,CasualUK,commiegirl21
8dyrzf,"As it's her birthday, here are some of the many faces of HM Q-Unit",,https://i.redd.it/0184qnhdybt01.gif,1524346299.0,450,0.96,38,CasualUK,c0253484
8dygfk,Anyone actually used one of these?,,https://i.redd.it/lcnciuokpbt01.jpg,1524343249.0,56,0.96,18,CasualUK,Rtux
8dy3ef,Classic Adrian Mole,,https://i.redd.it/ji2honvnfbt01.jpg,1524339924.0,160,0.95,15,CasualUK,MellotronSymphony
8dy2hv,The Side of a West Midlands Police Van (after Birmingham City vs Sheffield United today),,https://i.redd.it/i3hp1n9yebt01.jpg,1524339675.0,1025,0.99,30,CasualUK,[deleted]
8dy0fz,Kind of want to know what it would have scored,,https://i.redd.it/04ug23qddbt01.jpg,1524339143.0,1087,0.99,66,CasualUK,Durradan
8dy05r,"I can't believe a friend has come round with a bag of 19 toilet roll brands for double blind quality testing, and scoring sheets for us to fill in.",,https://imgur.com/evSrWwM,1524339068.0,70,0.99,22,CasualUK,danmingothemandingo
8dxobu,"The kids park in my village is being rebuilt. We used to have two of these, a dinosaur and a horse. I'm sure every kid has always wanted to ride a seagull.",,https://imgur.com/ChbrZcD,1524336014.0,94,0.97,1,CasualUK,tom_nolan
8dxge6,"I don't care if Monster Munch won, there is only one champion for me.",,https://i.redd.it/6a3d17a3yat01.jpg,1524334007.0,427,0.96,37,CasualUK,StopHavingAnOpinion
8dxg08,This should settle a few arguments,,https://i.imgur.com/yvUMm7b.jpg,1524333913.0,217,0.94,23,CasualUK,Kiitchh
8dxejh,Top quality local news story,,https://i.redd.it/8nosqlbrwat01.jpg,1524333557.0,56,0.95,15,CasualUK,K2LVN
8dxafb,Cat for sale in Tesco for ¬£10,[deleted],https://i.redd.it/8w5ip2vntat01.jpg,1524332529.0,3783,0.97,100,CasualUK,[deleted]
8dx4n7,A cream tea with some bubbly to celebrate our anniversary went down very nicely today.,,https://i.redd.it/zvw2w2ndpat01.jpg,1524331073.0,104,0.91,19,CasualUK,Matterbox
8dx1bc,"BlackHole update, passing objects are now being dragged in.",,https://i.redd.it/z1mvskbwmat01.jpg,1524330238.0,1753,0.99,48,CasualUK,scruffymid
8dx0lr,"The UK's largest England flag was unveiled in Nottingham yesterday in time for St George's day. No cheering, no applause, no national anthem. In fact nobody seemed to give a toss. How British.",,https://www.instagram.com/p/BhzI3HqA41g/,1524330057.0,307,0.98,89,CasualUK,Jakeinspace
8dwx20,Free silver hairspray!,,https://i.redd.it/piuo8h7ljat01.jpg,1524329127.0,315,0.97,30,CasualUK,stanrandom
8dwwk5,Do you think the homeowner likes Pink Floyd?,,https://i.redd.it/4uqtv0t7jat01.jpg,1524329004.0,223,0.98,29,CasualUK,drinkwineandgetangry
8dwn1f,This reminds anyone else of your childhood with Neil Buchanan on CITV after school? Watching his effortless big art coming together at the end.,,https://v.redd.it/w8j1mhqtbat01,1524326533.0,245,0.97,27,CasualUK,never-off
8dweb2,Finally got a job interview!,[deleted],https://www.reddit.com/r/CasualUK/comments/8dweb2/finally_got_a_job_interview/,1524324196.0,61,0.98,21,CasualUK,[deleted]
8dw9aq,In case people actually choose between them like they're different inside...,,https://i.redd.it/mlfy3wpx0at01.jpg,1524322852.0,100,0.97,27,CasualUK,never-off
8dw82l,What a way to celebrate Her Majesty‚Äôs birth than shooting a massive fiery cock and balls,,https://i.redd.it/80uh77mwz9t01.jpg,1524322505.0,452,0.96,10,CasualUK,beardedwelshy
8dw2si,The United Kingdom map by most popular sauce/topping/condiment for chip shop chips.,,https://i.imgur.com/oIsHLKb.png,1524321015.0,335,0.97,139,CasualUK,karljt
8dvo75,Tower Bridge at sunrise,,https://i.imgur.com/Ah3c92P.jpg,1524316513.0,696,0.99,12,CasualUK,abezeez
8dvmk7,Casual abuse on Amazon,,https://i.redd.it/bpakekr9g9t01.png,1524315951.0,3001,0.98,35,CasualUK,Coldieee
8dvjt1,You know you're in South London when this is your ice cream van,[deleted],https://i.imgur.com/aSjg79l.jpg,1524315020.0,221,0.75,38,CasualUK,[deleted]
8dvi05,Feeling the pain today.,,https://i.redd.it/kd9o7m3qb9t01.jpg,1524314374.0,1542,0.99,33,CasualUK,OhHiFelicia
8dvgj2,‚ÄúKew‚Äù gardens,,https://i.redd.it/fzuhwjhz99t01.jpg,1524313819.0,1294,0.99,51,CasualUK,bechampion
8dvf53,Casual Croissant,,https://i.redd.it/3i8m5kxi89t01.jpg,1524313299.0,95,0.94,11,CasualUK,NexusGirl
8dv6ei,A grim look inside a tobacco and cigarette counter.,,https://i.redd.it/x9za84d3y8t01.jpg,1524309820.0,105,0.92,77,CasualUK,clenil_100
8dv4o3,Happy 92nd Birthday Lizzie!,[deleted],https://i.redd.it/8vfm2nszv8t01.jpg,1524309085.0,1318,0.93,90,CasualUK,[deleted]
8duipi,Does anyone have CBeebies recorded from yesterday? 20/04/18,"Can anyone please help. 

Does anyone have or does anyone know anyone who may have recorded CBeebies yesterday? (20/4/18)

Our recording failed and we missed My little boys birthday card. üò©üò©üò¢üò¢üò¢üò≠üò≠üò≠ Absolutely gutted! 

If you could help I would be massively greatful!!

I‚ÄôVE GOT A COPY!!!!   Thank you kind stranger!!!",https://www.reddit.com/r/CasualUK/comments/8duipi/does_anyone_have_cbeebies_recorded_from_yesterday/,1524299076.0,148,0.97,27,CasualUK,RescueBots
8duhfx,"National Tea Day today, so I'll kick things off with a pint of tea because I can.",,https://i.redd.it/rctim6tg08t01.jpg,1524298481.0,73,0.97,26,CasualUK,ExiledWurzel
8dugxg,"An actual shop dedicated to Flat Earthism, sheer mentalism!",,https://i.redd.it/wei6ouhrz7t01.jpg,1524298248.0,470,0.98,134,CasualUK,[deleted]
8du9sy,Apparently this seemed like a great idea,,https://i.redd.it/vl9vh2y5q7t01.jpg,1524295015.0,96,0.96,19,CasualUK,anetarrr
8du7i7,All ready for the snooker.,,https://imgur.com/lqrdy3L,1524294049.0,113,0.91,31,CasualUK,RibboCG
8du478,Ummm I don't think it works that way...,,https://vgy.me/M1WGDn.png,1524292644.0,586,0.96,34,CasualUK,SlyScorpion
8dtqv1,Wimblington now has an interactive Doodoowatch map!,,https://i.redd.it/71ro9f1537t01.jpg,1524287272.0,56,0.95,10,CasualUK,timtjtim
8drafi,üòÇ,,https://i.redd.it/5tkstkk9w4t01.jpg,1524260746.0,58,0.78,6,CasualUK,jamiejack69
8dqofh,The U.K. on a pleasant day gives you a pleasant backdrop to the walk the dog,,https://i.redd.it/lvgml5l1h4t01.jpg,1524255631.0,75,0.99,7,CasualUK,TheSquireOfTheShire
8dpo32,"Avicii, the man who wrote the playlist for my lads holiday in 2012 dies at 28",,http://variety.com/2018/music/news/avicii-dead-at-28-1202772767/amp/,1524247491.0,148,0.93,30,CasualUK,life__uhh__findsaway
8dp53n,Mary Berry was once arrested at an airport on suspicion of carrying drugs. It was flour.,[deleted],http://www.bbc.co.uk/news/entertainment-arts-43844007?ns_source=twitter&amp;ocid=socialflow_twitter&amp;ns_mchannel=social&amp;ns_campaign=bbcnews,1524243471.0,57,0.99,12,CasualUK,[deleted]
8doz9g,Tesco are not beyond cake crimes either. Serves 18? Mate I‚Äôll eat half that bas*ard before I get home.,,https://i.redd.it/ndjdmlu4d3t01.jpg,1524242206.0,193,0.99,39,CasualUK,wbbigdave
8doxr1,Chipses.,,https://i.imgur.com/8ivLg32.jpg,1524241878.0,194,0.99,19,CasualUK,anagoge
8dop8b,The Lake District on a sunny day - England at its best!,,https://i.redd.it/k4i3k6zo63t01.jpg,1524240041.0,528,0.98,24,CasualUK,TDL_501
8donxr,Just been woken up by kids playing the Crazy Frog outside. What fucking year is it?,[deleted],https://www.reddit.com/r/CasualUK/comments/8donxr/just_been_woken_up_by_kids_playing_the_crazy_frog/,1524239757.0,85,1.0,16,CasualUK,[deleted]
8dogun,The most British sun bathing spot,,https://imgur.com/EvIXAXx,1524238235.0,1113,0.98,56,CasualUK,Phyginge
8do8c7,This club needs to make the DJ booth not look like the bar!,,https://v.redd.it/ks7f08odyys01,1524236415.0,148,0.97,9,CasualUK,[deleted]
8dnvna,Remember the Titanic? It's back.,,https://i.redd.it/2tlhc8fx91t01.jpg,1524233581.0,53,0.97,9,CasualUK,[deleted]
8dnrib,These are shit,,https://i.imgur.com/PERF4i2.jpg,1524232672.0,549,0.86,135,CasualUK,drunkspaniel
8dno78,Victory,,https://i.redd.it/1ai7qrrdi2t01.jpg,1524231871.0,108,0.92,20,CasualUK,EskimoRanger
8dnkuz,"Getting daily calls from UK based telemarketing companies at the moment, so going to have a bit of fun when next asked to provide my contact details",[deleted],https://imgur.com/a/GsWwrl1,1524231062.0,96,0.98,31,CasualUK,[deleted]
8dnghi,I‚Äôve made a fatal error of judgement,[deleted],https://i.redd.it/3mcoxlttc2t01.jpg,1524229995.0,124,0.98,23,CasualUK,[deleted]
8dnbto,Ending week one with the same way it started. Changed my shoes for those who didn‚Äôt approve of the first pair!,,https://i.imgur.com/QP4qfFe.jpg,1524228816.0,441,0.95,71,CasualUK,9DAN2
8dn7dn,World's most advanced Kettle.. it turns of when the water is boiled!,,https://i.redd.it/mq9dbwwk52t01.jpg,1524227581.0,219,0.95,41,CasualUK,chriscambridge
8dn5bl,"The BBC have released all their sound effects for public use - all 16,016 of them. You know what to do folks..",[deleted],http://bbcsfx.acropolis.org.uk,1524227002.0,432,0.99,53,CasualUK,[deleted]
8dn48o,"The single most important decision on a sunny day: brown, pink or white?",,https://i.imgur.com/jVART22.jpg,1524226664.0,591,0.97,99,CasualUK,TopTrumpWANKER
8dn1pj,Cultural Exchange with /r/Brasil!,[deleted],https://www.reddit.com/r/CasualUK/comments/8dn1pj/cultural_exchange_with_rbrasil/,1524225949.0,277,0.98,991,CasualUK,[deleted]
8dmwrc,Greggs delivery. What a time to be alive.,,https://i.redd.it/3p7w4w17w1t01.jpg,1524224403.0,335,0.96,55,CasualUK,[deleted]
8dmmvx,Left the window open last night because it was warm. Woke up to this. Ruined cake :(,,https://i.redd.it/idqzum9em1t01.jpg,1524221108.0,55,0.95,27,CasualUK,[deleted]
8dmdhw,"In light of the appalling results of the CasualUK Crisp-Off, here's my choice for the real winner(s). If you've never tried them, go get some and report back",[deleted],https://i.redd.it/q78nh6jbb1t01.jpg,1524217620.0,64,0.81,48,CasualUK,[deleted]
8dmcq3,Cultural exchange with the Brazil,,https://i.redd.it/ixpwooc1b1t01.jpg,1524217311.0,879,0.99,60,CasualUK,[deleted]
8dm8kw,Spotted in Edinburgh. Filter added for art,,https://i.redd.it/cfk4p29161t01.jpg,1524215617.0,468,0.99,30,CasualUK,andyrob89
8dm34i,As requested - someone didn't think through my companies intranet acronym,,https://i.imgur.com/tmWDJNg.png,1524213326.0,110,0.95,8,CasualUK,DarkangelUK
8dm1f1,Today's weather - subtitled for /r/Brasil,,https://i.redd.it/wnawqw8gw0t01.png,1524212581.0,137,0.95,21,CasualUK,Xokibickie
8dm077,"Thank you, Sainsbury‚Äôs, for this helpful advice. Don‚Äôt know how I would‚Äôve eaten this otherwise.",,https://i.imgur.com/qpfMHFh.jpg,1524212026.0,2428,0.97,154,CasualUK,BritishLibrary
8dlxsz,This guy in North London,,https://imgur.com/6f0qHrP,1524211018.0,53,0.93,10,CasualUK,faith_plus_one
8dln21,Came across this lovey nest while working yesterday near Dundee,,https://i.redd.it/j4drvij5g0t01.jpg,1524206978.0,86,0.96,13,CasualUK,gross04
8dlcyy,"Friday Fread; It's still hot, but it's Friday!","My gf spent the day yesterday enjoying the sun with what I assume was a lot of alcohol with her friends. Bloody students. I've not been that jealous for a while. 

Luckily it's Friday and so soon we can all enjoy a bit of sunshine! What's your plans for the afternoon/evening? Fun weekend lined up?

We'll have literally Brazilians of visitors later on, so best behaviour and all that.

Enjoy the weekend!

Edit: Internet at work is down. If this isn't a sign for us just to leave and enjoy the weather I dunno what is.",https://www.reddit.com/r/CasualUK/comments/8dlcyy/friday_fread_its_still_hot_but_its_friday/,1524203509.0,53,0.98,156,CasualUK,jptoc
8djjb3,You see these everywhere,,https://i.redd.it/loyykn23kys01.jpg,1524184008.0,62,0.97,8,CasualUK,[deleted]
8djep3,"Netflix makes Friday Night Dinner look incredibly dark, chilling and sinister with its weird American description",,https://i.imgur.com/5krogHc.jpg,1524182880.0,137,0.98,19,CasualUK,Bolognade6128
8dir2q,Dusty morning in London City,,https://imgur.com/O5o7lOA,1524176929.0,107,0.97,16,CasualUK,madjula
8diixy,Literally every semi attractive girls social media after 1 day of sun,,https://imgur.com/csiOlrn,1524175000.0,191,0.94,7,CasualUK,Snow776
8dhz9k,My life is complete again,,https://i.imgur.com/UayX3ig.jpg,1524170589.0,53,0.92,11,CasualUK,oli2194
8dhwlu,Cheers Alan!,[deleted],https://i.redd.it/yjmmxf3hexs01.jpg,1524170019.0,462,1.0,36,CasualUK,[deleted]
8dhv5a,"Hot chocolate is made with milk. You know, the tasty white stuff we put on our cereal and in our tea that comes out of cows? Yeah, not water. Don‚Äôt you dare charge me ¬£2.50 for a hot chocolate made with water! That‚Äôs sacrilegious!!","Really, this is getting outrages and ridiculous!!  ",https://www.reddit.com/r/CasualUK/comments/8dhv5a/hot_chocolate_is_made_with_milk_you_know_the/,1524169714.0,174,0.95,65,CasualUK,OzziePeck
8dhoft,Just saw my first mosquito of the year and I killed it with a sweet potato.,"Crushed that fucker against the kitchen wall, so satisfying. ",https://www.reddit.com/r/CasualUK/comments/8dhoft/just_saw_my_first_mosquito_of_the_year_and_i/,1524168307.0,47,0.99,10,CasualUK,Nomadic_Sushi
8dhha6,A month and a half and about 30¬∞C later.,,https://i.redd.it/7fjipvjv4xs01.jpg,1524166792.0,158,0.99,10,CasualUK,robbo_6
8dh368,"A view of the largest railway crossing in the World, taken from Central Station, Newcastle upon Tyne, c.1930 (x-post from r/InfrastructurePorn)",,https://c2.staticflickr.com/4/3722/33415472082_9732f48672_o.jpg,1524163854.0,60,0.98,4,CasualUK,Red_Spangler
8dggen,isnt this one of Asterix's mates?,[deleted],https://i.imgur.com/tPSgccAr.jpg,1524159085.0,89,0.98,2,CasualUK,[deleted]
8dgbab,Blackhole update. Slight cracking at event horizon.,,https://v.redd.it/wc36tr1iews01,1524158027.0,318,0.98,71,CasualUK,scruffymid
8dfzmp,"Dean. You sound like an utter cunt, mate.",,https://www.prolificnorth.co.uk/features/2018/04/week-my-life-dean-gallagher-associate-director-weber-shandwick-manchester,1524155530.0,73,0.95,30,CasualUK,coliander
8dfycn,PSA: People who eat Feasts are the best,"Fuck all those fake pretenders like Magnums. Feasts are where the Ice-Cream on a stick game is at. 

",https://www.reddit.com/r/CasualUK/comments/8dfycn/psa_people_who_eat_feasts_are_the_best/,1524155252.0,136,0.95,46,CasualUK,arabidopsis
8dfpwn,Google Calendar. Must try harder,,https://i.redd.it/wqg0mgu01ws01.jpg,1524153462.0,52,0.95,5,CasualUK,w00dent0p
8dfbat,I just passed my Life in the UK Test - AMA!,,https://i.redd.it/lxh1r3hurvs01.jpg,1524150299.0,207,0.96,118,CasualUK,Tuna_Surprise
8df8z8,"Just overheard someone asking ""Is sheffield hallam where muslims go to university?""",Bloody hell. Suffice to say the person has never been anywhere near a university.,https://www.reddit.com/r/CasualUK/comments/8df8z8/just_overheard_someone_asking_is_sheffield_hallam/,1524149802.0,74,0.95,13,CasualUK,C1t1zen_Erased
8dez8p,"What do you guys think of the new mini's tail lights? Some say gaudy, but some like them.",,https://i.redd.it/wwaops7mjvs01.jpg,1524147555.0,97,0.94,38,CasualUK,freddiehill28
8dey9q,I don't want to say it's an excessive amount of rent but...,,https://i.redd.it/4zx52an1jvs01.jpg,1524147339.0,146,0.97,27,CasualUK,EarlOfBronze
8dew7l,My engineering degree is finally paying off... Trousers repaired!,[deleted],https://i.imgur.com/7wBRUX4.jpg,1524146866.0,54,0.85,30,CasualUK,[deleted]
8deuzx,On the pronunciation of names,"My best mate's girlfriend (she's dreadful, but that's irrelevant to this post) is called Denise. I've always thought that name was pronounced 'De-niece' (like star 'anise'), but my friend pronounces it 'De-knees' (like 'Jeeves' without the 'j' or 'v'). It could just be a quirk of his, but I wonder if there are other names out there that people think have 'standard' pronunciations but differ in reality...

Fun fact: I used to think a 'ploughman's' lunch was pronounced a 'pluffman's' lunch...",https://www.reddit.com/r/CasualUK/comments/8deuzx/on_the_pronunciation_of_names/,1524146603.0,111,0.97,121,CasualUK,xSpiralStatic
8dejln,"In light of our recent victory, cheers.",,https://i.redd.it/ybvvqi3c8vs01.jpg,1524143740.0,883,0.92,108,CasualUK,RockySprinkles
8degcy,"With the collapse of Toys R Us, I think its time we remember others who ventured into the howling dark, and did not return.",,https://i.redd.it/dbvnuvtr5vs01.png,1524142904.0,155,0.98,84,CasualUK,StopHavingAnOpinion
8de4xo,George really missed his true calling in life.,,https://i.redd.it/suwvg022wus01.jpg,1524139610.0,54,0.94,4,CasualUK,[deleted]
8ddwno,Cycled home from work last night...,,https://i.redd.it/uikv5uqaous01.jpg,1524137014.0,240,0.98,24,CasualUK,aperijove
8ddguf,"Our local pothole-strewn and paint-worn roads have been having pipeline work done, this is the result",,https://i.redd.it/bi76qt2a7us01.jpg,1524131307.0,131,0.98,23,CasualUK,subranstagey
8ddc3j,My work has these bad boys reduced to clear for 88p,,https://i.redd.it/6f8vm1wv1us01.jpg,1524129463.0,427,0.98,42,CasualUK,Sunbeargod
8ddanr,Casual man with Falcon at Kings X station,,https://i.redd.it/jn15gtk60us01.jpg,1524128896.0,218,0.97,38,CasualUK,emilydrums
8dda4o,Boii,,https://i.redd.it/rlkftjzx5qs01.jpg,1524128696.0,444,0.95,151,CasualUK,coliander
8dd9pa,"Fuck me, I'm bored today. Anybody else have a job where there are frequent periods of nothing to do?",[deleted],https://www.reddit.com/r/CasualUK/comments/8dd9pa/fuck_me_im_bored_today_anybody_else_have_a_job/,1524128536.0,91,0.98,80,CasualUK,[deleted]
8dd9gm,Read this is Del Boy's voice.,,https://i.redd.it/d1wn30cnyts01.png,1524128448.0,382,0.98,19,CasualUK,fi-ri-ku-su
8dd9az,Doncaster Council once again being amusing on Twitter,,https://twitter.com/MyDoncaster/status/985898347293757440,1524128388.0,66,0.96,21,CasualUK,NEWSBOT3
8dd97i,PSA: it's Mother's Day in the US on 13th May - remember not to panic when you see Mother's Day stuff on Reddit and think you've forgotten,Every year I do this. Every. Year.,https://www.reddit.com/r/CasualUK/comments/8dd97i/psa_its_mothers_day_in_the_us_on_13th_may/,1524128344.0,2763,0.97,98,CasualUK,AngelKnives
8dd3zl,"In celebration of Ed Sheeran's cover of Candle In The Wind, what are the other worst covers of all time?",[deleted],https://www.reddit.com/r/CasualUK/comments/8dd3zl/in_celebration_of_ed_sheerans_cover_of_candle_in/,1524126115.0,93,0.97,164,CasualUK,[deleted]
8dcqix,In memory of Dale.,,https://i.redd.it/w9g4otixbts01.jpg,1524120739.0,642,0.98,21,CasualUK,HarryGoLocky
8dcmyk,"For all those bitterly cold, hostile mornings - the change to my personality in morning weather like this is worth them all",,https://i.redd.it/ngauvdgy7ts01.jpg,1524119404.0,200,0.97,16,CasualUK,BreakingGood
8dcgcx,CasualUK Crisp-Off: Final Results,,https://i.imgur.com/PmJnRbf.png,1524116924.0,1724,0.91,562,CasualUK,[deleted]
8d8xve,"Dale Winton, who hosted Supermarket Sweep, has died age 62",,http://www.bbc.co.uk/news/entertainment-arts-43818226,1524083767.0,1338,0.96,232,CasualUK,[deleted]
8d8pno,"What Sean connery dances on when he has ""the feeling""",[deleted],https://i.redd.it/6v3ym5vs4qs01.jpg,1524082019.0,68,1.0,4,CasualUK,[deleted]
8d85ce,I made a meme for anyone who uses the Metro in Newcastle upon Tyne.,,https://i.redd.it/yvmtfv6vrps01.jpg,1524077664.0,96,0.91,17,CasualUK,JackIsAlive
8d80xg,"First thought when the suns out, where the fucks the dartboard?",,https://i.redd.it/zu1udw75pps01.jpg,1524076748.0,244,0.99,16,CasualUK,EnkindleExpression
8d7y0z,"With everything going on in the world right now, there's something about watching Queen Elizabeth II have a discussion about conkers with Sir David Attenborough that makes you feel like everything's going to be ok.",,https://www.reddit.com/r/CasualUK/comments/8d7y0z/with_everything_going_on_in_the_world_right_now/,1524076157.0,63,0.91,10,CasualUK,Milo_Hackenschmidt
8d7rsd,If Monday's were a pint,,https://i.redd.it/n7ewpceejps01.jpg,1524074834.0,52,0.96,26,CasualUK,Veoxin
8d79yo,Spoke to a find really nice guy on the train and it made my day.,[deleted],https://www.reddit.com/r/CasualUK/comments/8d79yo/spoke_to_a_find_really_nice_guy_on_the_train_and/,1524071188.0,75,0.93,18,CasualUK,[deleted]
8d6qbm,Bit of sun and all the t-shirts are off,,https://i.redd.it/xs056aciwos01.jpg,1524067117.0,921,0.98,112,CasualUK,anetarrr
8d6lk5,I haven‚Äôt watched breakfast TV in a while but Lorraine seems to be running low on ideas for items (credit to @daytimesnaps for the screenshot),,https://i.imgur.com/2GgyaY6.jpg,1524066104.0,162,0.98,9,CasualUK,tman612
8d6equ,Who had this quackers idea?,,https://i.redd.it/xwdnx50oyns01.jpg,1524064700.0,88,0.94,11,CasualUK,[deleted]
8d6ed5,The most casual way to move a horse I've ever seen.,,https://i.redd.it/4w3391u1pos01.jpg,1524064613.0,48,0.94,4,CasualUK,[deleted]
8d5vid,Angry badger calms down and leaves castle,,http://www.bbc.co.uk/news/uk-scotland-glasgow-west-43808574,1524060448.0,49,0.97,3,CasualUK,NEWSBOT3
8d5jg9,How Malteasers are made.,,https://i.imgur.com/mOkC4E6.gifv,1524057445.0,54,0.94,10,CasualUK,Harry_monk
8d5h7p,Saw Brighthouse new advert and thought I'd have a go...,,https://i.imgur.com/CAr1XUN.jpg,1524056893.0,214,0.94,54,CasualUK,brownstar45
8d56sa,Why can‚Äôt all train stations be this helpful?,,https://i.redd.it/4of32ivrtns01.jpg,1524054092.0,94,0.97,22,CasualUK,Jordanbvb09
8d52ax,He is telling the truth,,https://i.imgur.com/JUYn2TH.png,1524052838.0,713,0.98,200,CasualUK,[deleted]
8d51qr,Bit of bants from the West Yorkshire police Twitter,,https://i.imgur.com/NBKhFL9.jpg,1524052676.0,249,0.96,18,CasualUK,seanbear
8d4ok5,Spotted in Bedminster Parade Bristol.,,https://i.redd.it/pct71h2ocns01.jpg,1524048348.0,100,0.97,4,CasualUK,heycallumj
8d4kne,"Anyone thinking of going to Alton Towers, Poundland has Seabrook's Sea Salted Crisps which have a code for 2 for 1 entry",,https://www.reddit.com/r/CasualUK/comments/8d4kne/anyone_thinking_of_going_to_alton_towers/,1524046919.0,58,0.94,9,CasualUK,[deleted]
8d4hnj,"We have added a new moderator, please welcome _rickjames!",[deleted],https://www.reddit.com/r/CasualUK/comments/8d4hnj/we_have_added_a_new_moderator_please_welcome/,1524045802.0,56,0.94,39,CasualUK,[deleted]
8d4gsc,I think the thermometer on my car is broken. 16C?! SUMMER‚ÄôS HERE GANG!,,https://i.redd.it/y2z998tr3ns01.jpg,1524045511.0,152,0.96,35,CasualUK,neenoonee
8d4fu1,Saw some dirty minority trying to blend in with the masses on the way to work today. Disgusting.,,https://i.redd.it/jv4e4gpz2ns01.jpg,1524045128.0,418,0.97,26,CasualUK,WildSusano
8d4c8x,Anyone else have a town Facebook group?,,https://i.imgur.com/jgfG9vW.jpg,1524043726.0,77,0.94,58,CasualUK,notatadbad
8d422l,The Heatwave in Britain being like,,https://i.redd.it/qcbpomcwmms01.jpg,1524039673.0,4971,0.98,153,CasualUK,LakeDistrictLad
8d3nzq,CasualUK Crisp-Off: FINAL,,https://i.imgur.com/vYcRkd8.png,1524034349.0,194,0.89,201,CasualUK,[deleted]
8d3iv2,A solution,,https://i.redd.it/uylrf7ce1ms01.jpg,1524032442.0,8316,0.93,140,CasualUK,amacvr1
8d1z2a,"Thanks, Amazon; just what I need - a dash button for a new house whenever I feel like one.",,https://imgur.com/p6sg26l,1524015692.0,89,0.98,33,CasualUK,speathed
8d0qhf,To my eternal shame I am an American. My local supermarket has started stocking this limited selection of your bounty. What is recommended by the experts?,,https://i.redd.it/wnym3dwyqjs01.jpg,1524004722.0,315,0.96,338,CasualUK,[deleted]
8d0jk0,"I‚Äôm sure admin will delete if this isn‚Äôt allowed, but some dickhead nicked a hibernating tortoise in Lytham St. Annes. 40+ years old.",,https://i.redd.it/ndodhfs4mjs01.jpg,1524003099.0,258,0.98,24,CasualUK,hauntedbundy_
8czpon,u/poem_for_your_sprog writes us a new National Anthem,,https://www.reddit.com/r/AskReddit/comments/8cx1od/non_brits_what_do_the_british_do_well/dxipd5l/,1523996468.0,67,0.91,14,CasualUK,killingit12
8cza7x,"Watching '999', and as paramedics are performing CPR on a man on the floor, his wife offers them a cold drink. Britishness in a nutshell.",,https://www.reddit.com/r/CasualUK/comments/8cza7x/watching_999_and_as_paramedics_are_performing_cpr/,1523993199.0,72,0.99,6,CasualUK,charlie_boo
8cz8n4,Cyclist involved in a police chase gets civilian justice.,,https://i.imgur.com/6lGAp1t.gifv,1523992863.0,377,0.99,83,CasualUK,tourboi
8cz03s,This Google Maps description of Alton Towers,,https://i.redd.it/ofivo03gmis01.jpg,1523991092.0,63,0.94,32,CasualUK,DreamPotatoes
8cysti,Too true,,https://imgur.com/JI6yxaf,1523989577.0,792,0.98,94,CasualUK,yorkshiretea1
8cyoz0,Have yaseen this? Telling them how it is!,,https://i.redd.it/og48o6ojfis01.jpg,1523988772.0,176,0.96,28,CasualUK,Nahgetout
8cymcd,When you don‚Äôt make the top 10 but still want to brag.,,https://i.redd.it/ifit9avudis01.jpg,1523988207.0,1136,0.99,147,CasualUK,debachle
8cxveu,Taken from r/greentext,,https://i.redd.it/ohfyg803xhs01.jpg,1523982563.0,237,0.98,10,CasualUK,jdutch44
8cwzrd,But I need it for the school run!,,https://i.redd.it/imteh1s75hs01.jpg,1523975818.0,527,0.98,90,CasualUK,Tango_HD
8cwwt4,Primary School fads,"Disclaimer: Nostalgia.


This will obviously vary depending on your age. 


Every school had them, until eventually, the iron fist of the dinner-ladies came crashing down on all the fun. I cant really remember much from primary school, so share your own stories of those short-lived crazes we all experienced.


My personal favourite was the Yo-Yo phase (possibly ‚Äò98/99ish). I had a bright green ProYo, which raised my 
playground status to god-like. Even learnt a few tricks as well. Safe to say I peaked at 7 years old.
",https://www.reddit.com/r/CasualUK/comments/8cwwt4/primary_school_fads/,1523975132.0,53,0.95,186,CasualUK,cking145
8cw7s4,Mr. Brightside but it sounds like it's playing from another room,,https://www.youtube.com/watch?v=5OEa6NzTSOo,1523968940.0,155,0.94,13,CasualUK,hassanchug
8cw2x2,Some utter bellend has nicked my lunch.,"Bought a curry from the ‚Äúwhoopsie‚Äù aisle last night, put it in the office fridge. 15 hours later, it‚Äôs gone. They‚Äôve left the plain rice I put on top in a box, but my curry is gone, gone, gone.

I‚Äôm livid.",https://www.reddit.com/r/CasualUK/comments/8cw2x2/some_utter_bellend_has_nicked_my_lunch/,1523967580.0,155,0.95,78,CasualUK,abodyweightquestion
8cvz2d,I‚Äôm moving to London in a few months and this sub is preparing me for everything.,"I had a dream today being me having a cup of tea with a few mates and then they teached me the way of slapping your knees and saying ‚ÄùRight then‚Äù.

If dreams do come true then I can‚Äôt wait.",https://www.reddit.com/r/CasualUK/comments/8cvz2d/im_moving_to_london_in_a_few_months_and_this_sub/,1523966463.0,72,0.94,88,CasualUK,Lyktan
8cvwk6,"Asda charged me ¬£8.80 for 4 peppers. Trying to not get mugged off but there is no ""you've charged me 4x too much"" as a reason for a refund.",[deleted],https://www.reddit.com/r/CasualUK/comments/8cvwk6/asda_charged_me_880_for_4_peppers_trying_to_not/,1523965703.0,96,0.97,43,CasualUK,[deleted]
8cvtod,Nearly shed a tear finding this at work today- brought back beautiful childhood memories of over stuffing my pic‚Äôn‚Äômix pot on a Saturday morning!,[deleted],https://i.redd.it/a2ago6g3ggs01.jpg,1523964787.0,54,0.95,12,CasualUK,[deleted]
8cvc9e,So it seems like my mate had a hard time finding his way home on the train after a night out in London,,https://i.redd.it/dupqzyrqxfs01.jpg,1523958570.0,343,0.98,46,CasualUK,Dubzeeeh
8cv3oe,Public service signage,,https://i.redd.it/tnebw74dnfs01.jpg,1523955185.0,100,0.96,2,CasualUK,[deleted]
8cv1h0,Halifax resident finds dead cat and reports it on local Facebook page. Fellow resident asks for a photo of it when it was alive... hilarity ensues,[deleted],https://imgur.com/a/xZR0j,1523954280.0,6497,0.94,187,CasualUK,[deleted]
8cusl5,CasualUK Crisp-Off: Semi-finals,,https://i.imgur.com/7MOfPx4.png,1523950573.0,252,0.94,271,CasualUK,[deleted]
8cump2,A nice bit of British passive aggressiveness,,https://i.redd.it/4gjsn4ga3fs01.jpg,1523948334.0,280,0.97,72,CasualUK,[deleted]
8cummv,Get well soo... Oh.,,https://i.redd.it/vhxbhv583fs01.jpg,1523948309.0,218,0.98,28,CasualUK,c0253484
8cui2o,Sainsbury‚Äôs introduces touch-free meat packs for squeamish millenials,,https://www.packagingnews.co.uk/news/markets/food/sainsburys-introduces-touch-free-meat-packs-16-04-2018,1523946627.0,55,0.8,189,CasualUK,prosthetic_buttock
8cufi2,Stop giving me lip,,https://i.redd.it/4bomo1fj3ds01.jpg,1523945659.0,262,0.97,88,CasualUK,michaeldowdneyy
8csx7t,The Queen invited David Attenborough over. To walk around her garden and talk about trees ‚Äúand whatever else takes our fancy‚Äù,Who saw The Queen's Green Planet last night?  They should have their own show.   Adorable.,https://www.reddit.com/r/CasualUK/comments/8csx7t/the_queen_invited_david_attenborough_over_to_walk/,1523929293.0,81,0.94,24,CasualUK,[deleted]
8cqoly,"Stick it to the man, Milk Man!",,https://i.redd.it/15mdchy9xbs01.jpg,1523909986.0,592,0.97,49,CasualUK,Jorarl
8cqd6s,A new charity shop near me has decided to order their books by colour instead of alphabetically or by genre.,,https://i.redd.it/w0zq0jt7qbs01.jpg,1523907628.0,182,0.98,51,CasualUK,Lozzy1256
8cpw0o,Minor delays on the District Line?,,https://i.redd.it/rkpvy70ifbs01.jpg,1523904013.0,76,1.0,11,CasualUK,Laszlo-RandomNumber
8cpoq0,Some Geyser has been putting up stickers onto street signs that point towards fictional places. Absolute lad.,,https://i.redd.it/sf0rwx3babs01.jpg,1523902544.0,159,0.92,40,CasualUK,ScratchE25
8cpnsb,The neighbours hid my parcel by my front door,,https://i.imgur.com/x0GwI2q.jpg,1523902353.0,68,0.98,6,CasualUK,vladesko
8cpmop,Here's What the Commonwealth Games Medal Table Would Look Like If the British Empire Was a Country ~ @thelemonpress,,https://pbs.twimg.com/media/Da7FIKNWsAAhMXA.jpg,1523902128.0,392,0.97,21,CasualUK,Maragil
8cpfb9,Top service.,,https://i.redd.it/2q14gywb5bs01.jpg,1523900589.0,456,0.97,12,CasualUK,chloetweet
8cpcm5,CasualUK Crisp-Off: Quarter-Finals,,https://i.imgur.com/3NLtVMo.png,1523900021.0,79,0.89,79,CasualUK,[deleted]
8coqay,Where is it Amazon!,[deleted],https://imgur.com/vN9kNXd,1523895371.0,196,0.98,16,CasualUK,[deleted]
8colkj,"I see your best street name ever, but I know a better one.",,https://i.redd.it/hf959xgpmas01.png,1523894367.0,168,0.96,14,CasualUK,rikkian
8codg7,The most suspicious thing here is that I haven‚Äôt even got an account with HSBC.,,https://i.redd.it/qw85l5ukhas01.jpg,1523892599.0,255,0.98,61,CasualUK,thats-super
8coczn,"For those that wanted a follow up, here‚Äôs Waldo‚Äôs Diary: Part 2",,https://i.redd.it/1vgvr069has01.jpg,1523892498.0,174,0.98,8,CasualUK,-Bungle-
8cocf3,Just another day in Brighton,,https://i.redd.it/3z8v692wgas01.jpg,1523892369.0,84,0.99,11,CasualUK,AwhMan
8co7uc,They are fucking cocktail sausages M&amp;S.,,https://i.imgur.com/18ctBc4.jpg,1523891381.0,503,0.98,58,CasualUK,gearieos
8cnvxf,Car crash in the background of BBC News as they wait for Ant McPartlin to come out of court,,https://twitter.com/ShaneClarke534/status/985885072766259200,1523888701.0,159,0.97,29,CasualUK,Look_Alive
8cnmnt,"‚ÄúThat will be ¬£24.99, what‚Äôs your email for your receipt?...‚Äù",[deleted],https://www.reddit.com/r/CasualUK/comments/8cnmnt/that_will_be_2499_whats_your_email_for_your/,1523886426.0,174,0.97,112,CasualUK,[deleted]
8cncz2,"Three American tourists on the train debating the pronunciation of ‚Äòquay.‚Äô After some discussion, they came to a consensus that it was pronounced ‚ÄòKway.‚Äô",,https://www.reddit.com/r/CasualUK/comments/8cncz2/three_american_tourists_on_the_train_debating_the/,1523883940.0,97,0.99,89,CasualUK,[deleted]
8cn0f5,Just found a card I made for my welsh colleague a while back. Worried it was a bit too subtle.,,https://i.redd.it/yl40vqi7h9s01.png,1523880369.0,121,0.97,12,CasualUK,ed_menac
8cmtw4,Nobody wants this...,,https://i.redd.it/6uminy1ya9s01.jpg,1523878265.0,235,0.95,25,CasualUK,ExiledWurzel
8cmiko,Best. Street. Name. Ever.,,https://i.redd.it/t08nimq0z8s01.jpg,1523874253.0,416,0.97,69,CasualUK,rcarney12345
8cm2dj,My wife went back to work today meaning I‚Äôm now the main kid looker-afterer. The first hour has gone rather well!,,https://i.imgur.com/1mgW39L.jpg,1523867748.0,618,0.93,142,CasualUK,9DAN2
8cm0c3,No way! You can have a chat to the driver while you‚Äôre taking a shit on the new GWR trains.,,https://i.redd.it/z3jzdu6vc8s01.jpg,1523866822.0,473,0.98,59,CasualUK,[deleted]
8clqve,"""In a world of social media, J D Wetherspoon has decided to close down all Facebook, Twitter, Instagram and other social media accounts for individual pubs and head office.""",,https://twitter.com/jdwtweet/status/985772423730679810?s=19,1523862929.0,93,0.95,50,CasualUK,editorialgirl
8cleug,Love these names,,https://i.redd.it/5bhfkzlrn7s01.jpg,1523858362.0,379,0.96,37,CasualUK,karmatrip2
8cl70f,Absolute scenes were had in this northern household this morning as my mum walked into my room and accused me of buying a vibrator..,[deleted],https://imgur.com/a/ICe47,1523855532.0,82,0.92,18,CasualUK,[deleted]
8cizob,Only in the Uk,[deleted],https://v.redd.it/zjc0tm3dk5s01,1523833034.0,391,0.96,71,CasualUK,[deleted]
8cikpv,"Went hiking in the peaks yesterday, there‚Äôs Kinderscout",,https://i.redd.it/4af5ot7995s01.jpg,1523829267.0,56,0.98,7,CasualUK,xX-El-Jefe-Xx
8cikhp,Anyone else have this problem thinking this bloke was a Buckingham Palace guard? (Bearskin hat),,https://i.redd.it/6vobhyxay3s01.png,1523829215.0,72,0.96,11,CasualUK,BernalOmega
8cikec,First BBQ of the year yesterday. Had some trouble getting the charcoal burning so had to improvise.,,https://gfycat.com/immaterialhideouseastsiberianlaika,1523829193.0,79,0.99,10,CasualUK,FudgyB
8ciiug,I went for a hike in the English countryside yesterday. Here‚Äôs my best photo,,https://i.imgur.com/5swSDou.jpg,1523828815.0,301,0.99,32,CasualUK,rockforahead
8ci6mo,At Kew Gardens,,https://i.redd.it/vc26yotkl3s01.jpg,1523825886.0,366,0.99,24,CasualUK,Miss_Dinosaur
8chvxr,"I see your eggs and toast, and I raise you my student accommodation casserole!",,https://imgur.com/a/0Uqpo,1523823351.0,154,0.94,57,CasualUK,[deleted]
8chsao,Just Gazza riding a bike with an owl,,https://i.redd.it/a1qj53x7p4s01.jpg,1523822551.0,81,0.95,17,CasualUK,MellotronSymphony
8chqiq,"I got stuck at Newcastle Train Station and wanted a snack but the machine spat out two packs of skittles, I've left one in the bottom for anyone who wants it. It's on platform six.",,http://imgur.com/UsSV9u3,1523822141.0,612,0.96,37,CasualUK,NorthernScruff
8chjk6,"These are local roads for local traffic, there's nothing for you here.",,https://i.redd.it/ant76z1ti4s01.png,1523820508.0,1077,0.99,41,CasualUK,___Steve
8cgozi,"CasualUK, who is right? I make my gravy using the water I used to cook the potatoes. My son says this is wrong and barbaric. What is your opinion?","I‚Äôm originally from Northumberland and my mother, and grandmother, all used the water from the potatoes to make the gravy for the Sunday roast.  My son was very happy to eat my gravy without complaint for over 40 years.  Today we are cooking together and the cocky little so-and-so, with no respect for his roots, says adding potato water is wrong. 

Is this a north versus south thing (he lives in London)?  Do I need to give him a clip around his lug?  (He is a frequent trouble maker on here too).

This is my first post on here, so please be gentle.",https://www.reddit.com/r/CasualUK/comments/8cgozi/casualuk_who_is_right_i_make_my_gravy_using_the/,1523813544.0,158,0.97,82,CasualUK,Lizzie-Busy-Bee
8cgorz,Saw the funny side of this while visiting Blackpool.,,https://i.redd.it/6qi2dx7cy3s01.jpg,1523813494.0,62,0.95,6,CasualUK,TheBirdMan88
8cglif,I now own three teaspoons. Where do all our teaspoons go? Why do they leave us? Why don't they send postcards?,[deleted],https://i.redd.it/fu9v8lt4w3s01.jpg,1523812762.0,328,0.98,83,CasualUK,[deleted]
8cglao,Mixed messages,,https://imgur.com/w5LItBF,1523812716.0,162,0.98,2,CasualUK,ukbabz
8cg7s9,Just saw a Sunday afternoon police chase down the platform which ended in laughter after he reached the end and couldn‚Äôt go any further so just waited to be arrested,,https://i.imgur.com/BphTDw6.jpg,1523809499.0,3872,0.97,168,CasualUK,Beermonster
8cfyb1,"Went and bought a pair of shoes which came to ¬£50.05 with a plastic bag. Handed the cashier 3 ¬£20s and a five pence piece. She proceeded to pass the 5p back and said ""No no that's too much"" and then gave me ¬£9.95 in change.",Man I love Swansea.,https://www.reddit.com/r/CasualUK/comments/8cfyb1/went_and_bought_a_pair_of_shoes_which_came_to/,1523807194.0,1816,0.99,199,CasualUK,Martification
8cfsvg,Not sure I have enough to last the afternoon...,,https://i.redd.it/banww21jb3s01.jpg,1523805822.0,276,0.96,25,CasualUK,vbloke
8cfig1,When Harry Potter meets BTEC Level 3 Civil engineering.,[deleted],https://i.redd.it/m90cp58j33s01.jpg,1523803129.0,94,0.95,13,CasualUK,[deleted]
8cffg5,I swear that Smart car owners do this deliberately just to troll people,,https://i.redd.it/36a9jrbz03s01.jpg,1523802274.0,657,0.98,106,CasualUK,artfulpro
8cfd6j,Sometimes Spotted pages really deliver,,https://imgur.com/bcdVMce,1523801607.0,64,0.97,15,CasualUK,Ubba_Lothbrok
8cfd5g,Multiculturalism,Just added some soya sauce to my baked beans. Pretty good.,https://www.reddit.com/r/CasualUK/comments/8cfd5g/multiculturalism/,1523801597.0,87,0.96,49,CasualUK,super_salamander
8cf8jj,Good afternoon from Brussels,,https://i.redd.it/ywgi8lj1v2s01.jpg,1523800279.0,111,0.89,38,CasualUK,Klopptomaniac
8cf6ye,CasualUK's favourite chocolate bar - round one,,https://i.imgur.com/9ZjL9Mq.png,1523799705.0,129,0.94,150,CasualUK,hawkeyehatton
8cewge,My local is going to be serving Yorkshire pudding roast wraps.,,https://i.imgur.com/BAZt9Kt.jpg,1523796276.0,152,0.97,28,CasualUK,GreenBeret4Breakfast
8ceo7e,Rare sighting of dual fuel range cooker in its natural habitat,[deleted],https://i.redd.it/ri6p7tz2a2s01.png,1523793267.0,123,0.98,18,CasualUK,[deleted]
8cefgj,Unexpected Item - Sound of the Summer 2018,[deleted],https://twitter.com/bensuffdonk/status/984898156763795457?s=21,1523789524.0,66,0.95,12,CasualUK,[deleted]
8cefg3,These biker gangs are getting out of hand,,https://i.redd.it/s397l0g1z1s01.jpg,1523789518.0,416,0.98,27,CasualUK,RaeGun7
8ceevd,CasualUK Crisp-Off: Round of 16,,https://i.imgur.com/urC4urh.png,1523789247.0,382,0.96,262,CasualUK,[deleted]
8cecof,"Who decided that shit, spoken word poetry was perfect for sporting trailers? And how do I let them know they're wrong?",,https://www.reddit.com/r/CasualUK/comments/8cecof/who_decided_that_shit_spoken_word_poetry_was/,1523788205.0,163,0.97,51,CasualUK,twentythreekid
8ceccl,Weird joke on the back of innocent smooth orange juice bottle,,https://i.redd.it/8zsptzwnu1s01.jpg,1523788040.0,79,0.92,9,CasualUK,isablop
8ce9ld,Single yellow lines on a Sunday causing havoc again,,https://i.redd.it/a3lwy5rqq1s01.jpg,1523786721.0,180,0.99,21,CasualUK,NexusGirl
8ce98b,Since when did Mars bars pretend to be healthy?,,https://imgur.com/JALzl4q,1523786534.0,135,0.94,49,CasualUK,Randomness_incarnate
8ce0wm,My local paper just ran an article on the most popular dogging locations in the area.,[deleted],https://www.grimsbytelegraph.co.uk/news/grimsby-news/places-grimsby-area-being-highlighted-1442549,1523782422.0,108,1.0,27,CasualUK,[deleted]
8cdzex,"'Trending' Just thought people would like to know, CasualUk is currently trending.",Woop Woop,https://www.reddit.com/r/CasualUK/comments/8cdzex/trending_just_thought_people_would_like_to_know/,1523781699.0,125,0.96,41,CasualUK,DohRayMe
8cdw5m,"I've been practising. Every meal, every day, chucky eggs and toast for 5 days solid. 'Solid' being the operative word. I haven't shat right since Tuesday. Anyhoo, here's my Showstopper.",,https://i.imgur.com/T9qsM5J.jpg,1523780170.0,4040,0.89,548,CasualUK,panicky_in_the_uk
8cdpov,A sign outside my local Tesco. No one knows what it means.,,https://i.imgur.com/3Ocep4c.jpg,1523777190.0,680,0.98,61,CasualUK,PointZ3RO
8cbw4s,Every town has that one car everyone knows by the stuffed toys in the back window.,,https://i.redd.it/g02oaqc61zr01.jpg,1523753926.0,60,0.92,37,CasualUK,[deleted]
8cbu9a,Hi! I'm Roy McClure,,https://i.redd.it/fgkn1p4hzyr01.jpg,1523753354.0,157,1.0,6,CasualUK,su3ject88
8cav3d,"Ah the 2 taps, humanity's greatest invention",,https://i.redd.it/gancdx4d6yr01.png,1523743625.0,314,0.97,31,CasualUK,Grompster
8ca1r1,Some graffiti I saw in Shoreditch,,https://i.redd.it/dlc48y69kxr01.jpg,1523736113.0,86,0.97,13,CasualUK,AdamantEve
8c9bj7,Ireland at the Olympics!,,https://i.imgur.com/y5KRHsl.jpg,1523729557.0,478,0.97,23,CasualUK,lord_voldything
8c99pb,This bizarre airbrushed picture of Clare Balding,,http://imgur.com/x7o05Kr,1523729144.0,104,0.96,11,CasualUK,Superstition883
8c8zi1,Thought I'd take a look at Glasgow on Google,[deleted],https://i.redd.it/ith13bdurwr01.jpg,1523726667.0,81,0.99,6,CasualUK,[deleted]
8c8q06,The first weekend sun of the year! Cheers lads.,,https://i.redd.it/tq9a1xf4lwr01.jpg,1523724310.0,85,0.93,3,CasualUK,FrothyPeach96
8c8cuj,Free To Good Home.,,https://i.redd.it/qfcdncouawr01.jpg,1523720847.0,140,0.99,10,CasualUK,Invader-Strange
8c8bvx,Found in the gents loo in a pub in Burford.,,https://i.redd.it/povuxtc2awr01.jpg,1523720607.0,112,0.94,9,CasualUK,mpdehnel
8c8b67,[deleted by user],[removed],https://www.reddit.com/r/CasualUK/comments/8c8b67/deleted_by_user/,1523720416.0,499,1.0,87,CasualUK,[deleted]
8c814u,One Of The Few Reason To Go Into Poundland?,,https://i.redd.it/rqbn8u5f1wr01.jpg,1523717706.0,101,0.98,20,CasualUK,Fatboy40
8c812h,Barad-d√ªr,,https://i.redd.it/o1fux8yg1wr01.jpg,1523717686.0,72,0.97,11,CasualUK,miss-waternoose
8c7pox,"My dog resting in the sun after a walk (the middle of nowhere, Essex)",,https://i.imgur.com/Myr6FVm.jpg,1523714519.0,68,0.99,8,CasualUK,ne0terical
8c7nxd,Double decker bus appreciation thread,"I come from a country where bendy buses are the norm. I'd heard rumours that the bus line I used to take to school had a single double decker running on it. I never saw it, but I always fantasized about how ridiculously awesome it would be to ride on the top deck.

Fast forward to now. I've been living in the UK for over ten years, and I can ride on a double decker multiple times a day if I want to. I always sit on the top, right at the front if possible, and pretend I'm on a really uneventful roller coaster. I don't think I'll ever get bored of it.

So, well done you lot for the double-deckedness of your country.",https://www.reddit.com/r/CasualUK/comments/8c7nxd/double_decker_bus_appreciation_thread/,1523713999.0,74,0.98,28,CasualUK,MartyCrumboid
8c7n1t,The CasualUK Crisp-Off,,https://i.imgur.com/5Oz2B3A.png,1523713735.0,296,0.97,144,CasualUK,[deleted]
8c7msv,Found in Lidl. 1 litre can.,,https://imgur.com/EZ3Jw3q,1523713658.0,60,0.99,28,CasualUK,chilejon
8c7j5r,Mrs. Rabbit loses her shit,,https://i.redd.it/yasgnkg1mvr01.jpg,1523712500.0,147,0.95,9,CasualUK,[deleted]
8c7grr,Solid advice on this bus stop,,http://imgur.com/foLQgUg,1523711697.0,85,0.99,4,CasualUK,rawwss
8c7amc,Not to alarm anyone..but the sun is shining.,,https://i.redd.it/1bzp7c4fdvr01.jpg,1523709604.0,82,0.95,19,CasualUK,whostolemyrose
8c6x7l,Derek‚Äôs going to have a good day.,,https://i.redd.it/1agizjn2yur01.jpg,1523704437.0,17898,0.96,258,CasualUK,Jorarl
8c6v5d,Hurry before it rains,,https://i.redd.it/6y6hawklvur01.jpg,1523703609.0,157,0.99,16,CasualUK,Kataytay_14
8c6omw,"""Do you have a Nectar card?"" ... ""I don't, no."" ... (confused look as they try to work out how someone couldn't know if they had a Nectar card)",Made for a suitably awkward fuel payment encounter,https://www.reddit.com/r/CasualUK/comments/8c6omw/do_you_have_a_nectar_card_i_dont_no_confused_look/,1523700725.0,263,0.99,54,CasualUK,kierenj
8c6jz7,Those reviews are amazing... *Reader reviews.....,,https://i.redd.it/bpu564nigur01.jpg,1523698536.0,118,0.99,17,CasualUK,tasslehof
8c6jsx,"Who said romance is dead? Filmed at my local station, Caterham",[deleted],https://v.redd.it/a3ovnj114qr01,1523698454.0,133,0.98,34,CasualUK,[deleted]
8c6adb,Grand National Thread,"Today is the day that people who know sod all about horse racing all collectively decide that handing a bunch of money over to a bookie is a good idea (protip: it isn't).

So, who have you backed today?

Are you a horseracing fan or a total novice? Picked your horse because you liked the name or have you spent weeks studying form? Or did dodgy Gary down the pub have a hot tip?

Is anyone actually at Aintree? What's it like there on the biggest race day of the year?",https://www.reddit.com/r/CasualUK/comments/8c6adb/grand_national_thread/,1523694113.0,74,0.87,148,CasualUK,MattyFTM
8c691e,I don't mean to alarm anyone but there's this big warm orange glowing thing in the sky. What is it?,,https://www.reddit.com/r/CasualUK/comments/8c691e/i_dont_mean_to_alarm_anyone_but_theres_this_big/,1523693520.0,321,0.89,62,CasualUK,wizard710
8c67r2,View from that big bridge at the top of the M62 (taken a while ago),,https://imgur.com/POWs6Vr,1523692947.0,227,0.96,27,CasualUK,JoanneKerlot
8c679m,Something exciting in London today.,,https://i.redd.it/mwuqz1qbztr01.jpg,1523692751.0,88,0.9,18,CasualUK,AlphaKilo87
8c66or,"This Subreddit is actually so prime, always makes me chuckle. Keep it up UK.",,https://www.reddit.com/r/CasualUK/comments/8c66or/this_subreddit_is_actually_so_prime_always_makes/,1523692497.0,426,0.93,66,CasualUK,Jamesvaughan711
8c65hp,My favourite building plaque.,,https://imgur.com/9IvpGpt,1523691958.0,361,0.98,22,CasualUK,ElQuackers
8c653k,"‚ÄòContactless‚Äô is contactless, but I always slap my card down on the screen",,https://www.reddit.com/r/CasualUK/comments/8c653k/contactless_is_contactless_but_i_always_slap_my/,1523691786.0,172,0.97,53,CasualUK,DoYouInhale
8c62ej,Showing soldiery-solidarity with the soft boiled egg man,[deleted],https://i.redd.it/zfnc5fgjstr01.jpg,1523690555.0,841,0.93,66,CasualUK,[deleted]
8c571x,"""Seamlessly covered the Argos logo boss.""",,https://i.redd.it/x5uzkfqjtsr01.jpg,1523678703.0,47,0.94,12,CasualUK,Mystery-soup
8c4xz1,A Bit of Fry and Laurie is now on netflix,So ya,https://www.reddit.com/r/CasualUK/comments/8c4xz1/a_bit_of_fry_and_laurie_is_now_on_netflix/,1523675794.0,58,0.95,15,CasualUK,WorstCunt
8c4sbi,‚ÄúUltimate Pepperoni‚Äù ü§î,,https://i.redd.it/ahci0msqfsr01.jpg,1523674079.0,268,0.97,33,CasualUK,jamesseventwenty
8c3i1t,Yep...,,https://i.redd.it/rc4qf3jqdrr01.jpg,1523661282.0,54,0.95,18,CasualUK,SteelyGlint009
8c3ahv,No offence to any Cexers,,https://i.redd.it/zbogpwwy7rr01.jpg,1523659366.0,1465,0.99,105,CasualUK,MellotronSymphony
8c3941,A walk in the woods after seeing a church icon in an odd place on a map (a lovely use of a twitter thread.),,https://twitter.com/gawanmac/status/984865835566141440,1523659025.0,174,0.99,17,CasualUK,Hidethegoodbiscuits
8c35a4,graffiti has changed a lot over the years,,https://i.redd.it/fepu1pu74rr01.jpg,1523658076.0,782,0.99,16,CasualUK,dg_pys
8c2wrn,Shout out to the NHS website,"Straightforward info about health things - symptoms, treatment, causes etc - satisfied my hypochondriac googling sprees 
many a time  ",https://www.reddit.com/r/CasualUK/comments/8c2wrn/shout_out_to_the_nhs_website/,1523656023.0,119,0.98,7,CasualUK,AWIMBAWAY
8c1pe2,pretty accurate I reckon,,https://i.redd.it/gxv036gu4qr01.jpg,1523646235.0,198,0.96,116,CasualUK,cigsncider
8c0y4d,"a few hundred years of British history painted on the back of a warehouse in Irlam, Manchester UK",,https://i.redd.it/2xutleoknpr01.jpg,1523640373.0,78,0.98,3,CasualUK,dg_pys
8c0vxb,I‚Äôd hate my life if I had to drive this around all day,,https://i.redd.it/1h1pli35mpr01.jpg,1523639895.0,161,0.93,23,CasualUK,Willyamsss
8c0qcr,You Asked - I Made - British Roast Potatoes,"Hey! Just popping this up, had a chaotic week moving house and I'm behind with things so I made a really quick video about something I'm forever being asked about - Roast Potatoes. This is how I make them. Warning. Contains excessive calories: 
https://www.youtube.com/watch?v=LjRhiDbu7tU&amp;feature=youtu.be",https://www.reddit.com/r/CasualUK/comments/8c0qcr/you_asked_i_made_british_roast_potatoes/,1523638726.0,83,0.94,45,CasualUK,BritishCook
8c0kha,The serious and the satire are lined up on my fb,,https://i.redd.it/n44qlqp0fpr01.png,1523637498.0,158,0.98,20,CasualUK,Simon_the_Great
8c0cxj,I don‚Äôt remember this episode of Horrid Henry...,,https://i.redd.it/qlwx1gx6apr01.jpg,1523635871.0,158,0.99,8,CasualUK,DickyCent
8bzwus,Sometimes I forget my kitchen window is 5 yards from a busy residential road.,,https://i.redd.it/upmgn95qzor01.jpg,1523632416.0,91,0.94,18,CasualUK,Tangled_Wires
8bz3vl,My cousin didn't realise that rustlers were supposed to be heated up,He's been eating them cold for all this time thinking they're like pre-packed sandwiches,https://www.reddit.com/r/CasualUK/comments/8bz3vl/my_cousin_didnt_realise_that_rustlers_were/,1523625716.0,70,0.98,46,CasualUK,crumpts
8bys7a,Spotted this in a night club in Wiltshire üòÇ,,https://i.redd.it/597r4z707or01.jpg,1523622694.0,232,0.99,19,CasualUK,spookyghost96
8byi7b,My Wotsits bag is a bit confused today,,https://i.redd.it/hxer8vmfynr01.jpg,1523619812.0,159,0.96,13,CasualUK,titswag
8byh9t,Is it just me or is every KFC absolutely awful now?,,https://www.reddit.com/r/CasualUK/comments/8byh9t/is_it_just_me_or_is_every_kfc_absolutely_awful_now/,1523619532.0,63,0.95,91,CasualUK,Gazalar85
8bydpo,Waiting at the hospital pharmacy and they have just called 54... going to be a long day!,,https://i.redd.it/k6h3vyn4unr01.jpg,1523618365.0,100,0.96,21,CasualUK,artfulpro
8by4ee,Made our first Porchetta on the BBQ. It was the size of a small child but tasted much better.,,https://imgur.com/a/h0edI,1523615172.0,105,0.98,32,CasualUK,kopsy
8by0ju,I wanted a new handle for my fork...,,https://i.redd.it/puiqv8mfgnr01.jpg,1523613760.0,3575,0.91,121,CasualUK,johnny_bogroll
8bxw6p,I feel sorry for the marketing and graphic design team that designed this this campaign for Northumbrian Water,,https://imgur.com/DZA3XNX,1523611989.0,404,0.98,34,CasualUK,fireball_73
8bxioi,What to do with your doubler footie stickers,,https://i.redd.it/e5mu0yz0vmr01.jpg,1523606559.0,212,0.96,20,CasualUK,StantlerAntler
8bxd5x,Arctic Monkeys showing exactly how to stop dodgy touts,[deleted],https://www.reddit.com/r/CasualUK/comments/8bxd5x/arctic_monkeys_showing_exactly_how_to_stop_dodgy/,1523604387.0,91,0.96,72,CasualUK,[deleted]
8bxby3,My wife got me this for my birthday - she knows me so well!,[deleted],https://imgur.com/BqNFRPR,1523603915.0,262,0.95,54,CasualUK,[deleted]
8bxbfu,SPOTTED: Morden station. An unopened Galaxy bar. Worth the risk?,,https://imgur.com/8vfzEZ7,1523603736.0,395,0.98,82,CasualUK,Mred12
8bx9yu,TURN EERT,,https://imgur.com/XeAi1hC,1523603167.0,590,0.97,33,CasualUK,IAM_THE_LIZARD_QUEEN
8bugxa,"Visited the north - I've never seen a supermarket aisle sign to ""gravy mixes"" before",,https://i.redd.it/ptqtczd75kr01.jpg,1523573674.0,1867,0.98,204,CasualUK,toastedTea
8bu3w3,Another Asda candle find. Standard really.,,https://i.redd.it/xjxxk0z5wjr01.jpg,1523570623.0,417,0.97,17,CasualUK,Nahgetout
8bu1k4,God bless the UK train service (link in comments),,https://i.redd.it/eo6nswxkujr01.jpg,1523570087.0,819,0.95,102,CasualUK,itsjamie31
8bttzm,The WiFi password at my gym is a little OTT,,https://imgur.com/FRdx1xV,1523568457.0,212,0.97,25,CasualUK,cubbish
8btm29,The strip clubs in Aberdeen really aren't being subtle anymore,,https://i.imgur.com/4ePDkT7.jpg,1523566714.0,386,0.98,6,CasualUK,DarkangelUK
8btkxr,The glory of Calpol,"My daughter has a slight temperature tonight, so we just dosed her up. She responded ""I love Calpol...""

My wife is American, and doesn't understand. I've long told her how magical Calpol is. So I just got to chant ""One of Us, One of Us"" at her.

All hail the magical purple children's painkiller of the Gods!",https://www.reddit.com/r/CasualUK/comments/8btkxr/the_glory_of_calpol/,1523566471.0,246,0.96,110,CasualUK,[deleted]
8bte1c,My visit to 'Home Bargains' needed a Brazzers logo,,https://i.imgur.com/JEHwZFi.jpg,1523564988.0,112,0.93,15,CasualUK,[deleted]
8bt874,OH DEAR GOD WHEN WILL IT STOP?,[deleted],http://www.dailymail.co.uk/femail/food/article-5608469/Cooks-rage-against-Uncle-Bens-microwaveable-rice-pouches.html,1523563732.0,64,0.89,34,CasualUK,[deleted]
8bt2kc,"Watching Masterchef, just figured out who Greg Wallace reminds me of",[deleted],https://i.ytimg.com/vi/dHZH3ECOc-M/maxresdefault.jpg,1523562538.0,92,0.96,7,CasualUK,[deleted]
8bslnm,Dont ask for cream in your tea.,,https://imgur.com/W9jAc24,1523558906.0,153,0.99,13,CasualUK,RibboCG
8bskpn,Neighbour posted this through my door on the day I moved out,,https://i.imgur.com/WYwek9N.jpg,1523558700.0,399,0.97,40,CasualUK,[deleted]
8bseai,Rachel Riley is one of us.,,https://i.redd.it/iql4j0ijsir01.jpg,1523557297.0,404,0.95,64,CasualUK,IAmNotStelio
8bsaki,If the nhs wasn‚Äôt bad enough already .....,,https://i.redd.it/fc1dsy96qir01.jpg,1523556501.0,393,0.95,25,CasualUK,zhenzhen95
8bsa6q,"A woman in the village I work in lost her cat (Waldo) a while ago, and a few people helped her search. Now it‚Äôs been found she posts regular updates about Waldo on the parish notice board. Apparently she‚Äôs been doing this for over 2 years now.",,https://i.redd.it/yjqsbmlvpir01.jpg,1523556423.0,751,0.98,41,CasualUK,-Bungle-
8broqd,"¬£25 for blokes, and women get ours for free! Daylight robbery.",,https://i.redd.it/74sqwvwlcir01.jpg,1523551945.0,158,0.94,16,CasualUK,[deleted]
8braz2,Can someone explain this please?,,https://i.redd.it/t32v0mrw3ir01.jpg,1523549029.0,60,0.92,37,CasualUK,CRAZEDDUCKling
8br0k4,Man slated after sharing photo of boiled egg and ridiculous toast - The Mirror is covering it too.,,https://www.mirror.co.uk/news/weird-news/man-slated-after-sharing-photo-12349828,1523546826.0,119,0.96,32,CasualUK,itsaride
8bqidg,Finally me and John Lewis agree on something. The four elements!,,https://imgur.com/Tf9J8ZB,1523542873.0,123,0.96,11,CasualUK,weber134
8bq7i6,"Yorkshire in its full, true form!",[deleted],https://i.imgur.com/dfxbrXf.jpg,1523540340.0,60,0.92,42,CasualUK,[deleted]
8bpv50,How in the hell did Dick &amp; Dom get away with this stuff at 9am in the morning on BBC1?,,https://www.youtube.com/watch?v=-5I8s1JBwHA,1523537212.0,110,0.96,29,CasualUK,TIGHazard
8bppns,Easter is over. Get ready for christmas!,[deleted],https://i.redd.it/xmc6sa370hr01.jpg,1523535691.0,179,0.95,19,CasualUK,[deleted]
8bpmmb,I got burped at,"Right, so I‚Äôm at work and I need to squeeze between an old lady and a desk. Being the polite young man I am I said ‚ÄúExcuse me, sorry‚Äù. The usual reply to this, IMO, is ‚Äúsorry‚Äù. Well the little old lady did say this, but she burped it at me. Straight up like how people burp the alphabet, but directly into my face. It sounded forced too so I think she did it on purpose. Beware the Face Burper of Newcastle if you‚Äôre ever in the area ",https://www.reddit.com/r/CasualUK/comments/8bpmmb/i_got_burped_at/,1523534789.0,82,0.96,28,CasualUK,Shukov97
8bpho3,Local Bakery opening up new avenues...,,https://i.redd.it/xuy1cgd6tgr01.jpg,1523533336.0,169,0.98,20,CasualUK,BoazMayhem
8bph16,Exmouth: The End of the Line,,https://imgur.com/6J4jzIO,1523533137.0,146,0.97,24,CasualUK,loudribs
8bpel4,Seen in Leeds recently. Wow...,,https://i.redd.it/7orbjumaqgr01.jpg,1523532357.0,74,0.92,19,CasualUK,Geetarmikey
8bpa71,Unilad Stealing Images from Subreddit (Train Ticket),,https://www.unilad.co.uk/life/guy-reveals-genius-hack-to-buy-a-car-and-pay-road-tax-for-less-than-a-train-ticket/,1523530929.0,102,0.95,44,CasualUK,Pieface876
8bp7rm,My wife told me to stop singing wonderwall..,,https://i.redd.it/2924ggcijgr01.jpg,1523530043.0,257,0.91,20,CasualUK,blondieshoops
8bp0qk,"Wait, what... oh, well done",,https://i.redd.it/pfsab3qvbgr01.png,1523527496.0,168,0.97,9,CasualUK,SouperMatt
8bp01c,Somewhere in Scotland,,https://i.redd.it/tf25uxtxagr01.jpg,1523527216.0,175,0.98,25,CasualUK,casperno
8borrq,When the power goes off,,https://i.redd.it/xi421io41gr01.jpg,1523523918.0,409,0.95,7,CasualUK,Cozmic_Rebound
8boo69,You can still use your Henry even when he stops working,,https://i.imgur.com/M5sDvwN.jpg,1523522459.0,572,0.99,45,CasualUK,TopTrumpWANKER
8bomkw,Are those Cheerios,,https://i.redd.it/vb0mqzcyufr01.jpg,1523521786.0,543,0.97,35,CasualUK,amacvr1
8bokwq,"When I‚Äôm early for work, il occasionally sit alone in my car and eat a full bag of cheese instead of being productive and starting early. Guess who was 20 minutes early today...",,https://i.imgur.com/EOQ0Yqj.jpg,1523521086.0,780,0.98,74,CasualUK,9DAN2
8bohii,Thursday complaints department [12/04/2018],"Taking the lead here as I have a few things to complain about!


So, shitty journalists stealing your content and not paying you?


Awful housemates ruining your shared toilet? 


Some mad lad on your street posting fake Yodel cards? 


Submit your complaints here! ",https://www.reddit.com/r/CasualUK/comments/8bohii/thursday_complaints_department_12042018/,1523519697.0,52,0.96,255,CasualUK,DisneyBounder
8boeeo,"PSA: Buy your charcoal now, because it's hot next week","Supermarkets if you have noticed are stocking up on various foods for hot weather as the force cast (Use the Forks Luke) next week is for 20¬∞C+.. so get your decent charcoal now before it's too late.. I recommend lumpwood :)

You may have also noticed that they also should be putting soup on sale because of the warmer weather approaching. 


Also, if you are having a BBQ next week, now is a very very good time to go out and buy all the BBQ beer/meats before people rush to buy them all.

",https://www.reddit.com/r/CasualUK/comments/8boeeo/psa_buy_your_charcoal_now_because_its_hot_next/,1523518407.0,75,0.91,52,CasualUK,arabidopsis
8bobgv,Throwback to when Iggle Piggle was an absolute lad and broke out the ‚Äòfriend zone‚Äô,,https://i.redd.it/jv057q5ohfr01.jpg,1523517319.0,154,0.92,16,CasualUK,Old-Blighty
8bm86v,Loophole.,,https://i.redd.it/8z4xvgjrldr01.jpg,1523494511.0,212,0.97,5,CasualUK,serioustype
8bllmk,Found this in asda,,https://i.redd.it/ix1gcd805dr01.jpg,1523488849.0,771,0.99,37,CasualUK,FureyFists
8bl4b8,New builds.jpg,,https://i.imgur.com/jkkHGSk.jpg,1523484798.0,110,0.96,77,CasualUK,PM_ME_CAT_TOES
8bkr6n,I just ordered my first ever milk delivery in glass bottles from a proper milkman. No more plastic and a good feeling about going back to the old and simpler days.,I‚Äôm nearer 50 than I am 40 and in my whole adult life I have never had milk delivered to my door. Feels like a return to my childhood and helping to retain a British tradition. ,https://www.reddit.com/r/CasualUK/comments/8bkr6n/i_just_ordered_my_first_ever_milk_delivery_in/,1523481889.0,66,0.92,54,CasualUK,[deleted]
8bjv47,"'Ere, don't be letting them there pigeons in.",,https://i.redd.it/57m5lmemzbr01.jpg,1523474990.0,70,0.98,10,CasualUK,duffdayafternoon
8bj7b3,"Given the influx of ""journalists"" (*coffcoff*) nicking content for their tossrags, I humbly offer a watermark for anyone to use.",[deleted],https://www.reddit.com/r/CasualUK/comments/8bj7b3/given_the_influx_of_journalists_coffcoff_nicking/,1523470029.0,1880,0.97,112,CasualUK,[deleted]
8bj5ru,"It's 7pm, fairly cold and rainy, yet the ice-cream man is still driving around with jingles blaring. Optimistic British spirit at it's finest.",,https://www.reddit.com/r/CasualUK/comments/8bj5ru/its_7pm_fairly_cold_and_rainy_yet_the_icecream/,1523469709.0,105,0.99,18,CasualUK,ThatOldClapTrap
8bix68,"[PSA] Not sure if this is common knowledge, but you can text 999","Title says it all, really. If you can call, you absolutely should, but if not, you can text the emergency services provided you've registered beforehand. More details at
http://www.emergencysms.org.uk/registering_your_mobile_phone.php 

PS: Apologies if this doesn't belong here, mods. Just wanted to make sure people know

EDIT: Obviously no one here would be enough of a twat to do so but the emergency services are for just that- emergencies. Please don't abuse the right. These people are incredible- they save lives on a daily basis and sometimes go unrecognised. ",https://www.reddit.com/r/CasualUK/comments/8bix68/psa_not_sure_if_this_is_common_knowledge_but_you/,1523467950.0,93,0.98,29,CasualUK,Benjaminook
8bijtt,"Well, it‚Äôs out there now.",[deleted],https://www.thesun.co.uk/news/6027318/yodel-postman-prank-delivery-slips-reddit/,1523465151.0,230,0.95,80,CasualUK,[deleted]
8bibco,Warning! DVLA scam....,,https://i.redd.it/wo1dfqc61br01.png,1523463348.0,56,0.94,12,CasualUK,spLint3r990
8bhsa6,Someone is busy comparing the market,,https://imgur.com/a/woCox,1523459346.0,58,0.95,3,CasualUK,-_drew_-
8bhiwr,Come on Virgin Trains! You‚Äôre telling me I put my toaster in my hand luggage for no reason??,,https://i.redd.it/mabtfa3ziar01.jpg,1523457271.0,153,0.98,21,CasualUK,TeaDrinkingGuy
8bh2me,"A /r/CasualUK Mod upon receiving his Heinz¬© Baked Bribez¬© - Colourised, 2018",,https://i.imgur.com/J9aDmrj.png,1523453504.0,558,0.97,41,CasualUK,Warp__
8bh2c6,"I was tricked into eating this abomination, a custard cream it isn't",,https://imgur.com/cj2RDLg,1523453444.0,356,0.99,53,CasualUK,[deleted]
8bgugn,I like to think the best of people...,"I almost ran two lads over on a dark country 'A' road the other night at about 9pm. They were a couple of miles from the nearest village crogging (one on handlebars) with no lights, wearing dark tracksuits and trying to avoid puddles in the pouring rain.

After about a mile I thought I better go back and offer them a lift after all, I nearly hit them and if I heard on the news the next day they'd been hit I'd not be able to forgive myself. I turned around to find them again. When I did find them they'd given up crogging and started walking. They were nithered because being typical teenagers they had tracksuits only, no coats or waterproofs. They accepted a lift to the nearest village so they took both wheels off and put the bike in the boot. On the way back they talked very little but told me one of them had had his bike pinched whilst they were out for the day and they'd been walking/crogging for the past 10 miles, during that walk two police cars had passed them. I asked where they were from and took them the whole way home a few miles past my destination. On the whole they seemed somewhat grateful. Teenagers hey?

I know that I did the right thing in this situation, I have two sons (7&amp;23) I know what they can get up. I didn't put myself in any danger, I'm a big lad can handle myself. 

Now on getting home and to work the following day upon telling this tail to people not one of them would have stopped for these boys. I've been getting quips like ""I wonder where they'd been burgling"" or ""Wait until you see a news report of a stolen bike from 'x' village"" even the wife said ""I bet they thought you were a weirdo!""

Is this the general consensus? Would you automatically think they were up to no good?



",https://www.reddit.com/r/CasualUK/comments/8bgugn/i_like_to_think_the_best_of_people/,1523451480.0,98,0.97,30,CasualUK,Mat74UK
8bgsg9,Ever wondered what a wishing well looks like when the water is drained?,,https://imgur.com/gVCK0jV,1523450948.0,134,0.97,18,CasualUK,extremesalmon
8bgr31,Newspapers Stealing Content,[deleted],https://www.reddit.com/r/CasualUK/comments/8bgr31/newspapers_stealing_content/,1523450561.0,378,0.98,113,CasualUK,[deleted]
8bgq58,The office liar,"Who‚Äôs yours? 

Ours claims he drives a Ferrari (I‚Äôve been in his Clio) and he invented Fuzzybrush, the chewable toothbrushes you get in service stations. He only works to keep the tax man guessing. Also his father in law invented the cats eye. 

He also has stories of partying with the likes of Ryan Giggs, Theo Paphitis and Richard Branson in Marbella. 

One of his more unusual ones was he has a pet goat. 

So what is your office liar like?",https://www.reddit.com/r/CasualUK/comments/8bgq58/the_office_liar/,1523450286.0,64,0.98,42,CasualUK,Harry_monk
8bgoxq,The petition to investigate CasualUK moderator's financial ties to Heinz already has a massive four signatures in under 24 hours,,https://www.ipetitions.com/petition/full-investigation-into-rcasualuk-moderators,1523449968.0,733,0.99,60,CasualUK,TopTrumpWANKER
8bgnhb,"Scottish goths/metalheads go outside for a wholesome trip, but police mistake them for suicide cult and launch a large-scale ""rescue attempt"".",,https://www.theguardian.com/uk-news/2018/apr/10/scottish-police-rescue-metal-fans-mistaken-for-suicide-pact-members?CMP=share_btn_fb,1523449579.0,177,0.97,20,CasualUK,fireball_73
8bgk4y,What would you donate to the Museum of CasualUK?,"We all know this is the best sub on Reddit, (Granted, boobies are lovely and all but they‚Äôll never be Jaffa Cakes) so maybe it‚Äôs time someone began chronicling the subs history.

And by someone, I mean someone else. I‚Äôm too lazy.

So if such a record were to be created and updated, what posts/comments would you want added?

Submitted so far:

[HPB‚Äòs arse](https://www.reddit.com/r/CasualUK/comments/6ugxak/naked_mod_friday_this_weeks_mod_is_hpb/?st=JFV24LQ1&amp;sh=6591df3a)

[The communal urinal](https://www.reddit.com/r/CasualUK/comments/7zo616/are_there_any_regulationslaws_stopping_a/?st=JFV2AMYT&amp;sh=332b0d88)

[Automod murders Whiffers](https://www.reddit.com/r/CasualUK/comments/6zeyd9/with_deepest_regret/?st=JFV2EM7P&amp;sh=59166543)

[Do you know Asda Nigel?](https://www.reddit.com/r/CasualUK/comments/829aa7/casualuk_i_had_a_year_long_romantic_relationship/?st=JFV2HIPL&amp;sh=0ae697dd)

[The Ministry of Glassing](https://www.reddit.com/r/CasualUK/comments/8bgk4y/what_would_you_donate_to_the_museum_of_casualuk/dx6hvfm/?context=3&amp;st=JFV2ND23&amp;sh=0aae9e88)

[On disabilities and relationships](https://www.reddit.com/r/CasualUK/comments/5v43b2/comment/ddz3ao7?st=JFV3TTZD&amp;sh=347df7d7)

[We all pretend we‚Äôre Americans](https://www.reddit.com/r/CasualUK/comments/6d8c4w/itt_we_all_pretend_were_americans/?st=JFV3YAXP&amp;sh=5fabf660)

[Egg cups are expensive](https://www.reddit.com/r/CasualUK/comments/8awsjo/my_local_tesco_want_5_english_pounds_for_an/?st=JFV5YWE5&amp;sh=14b10138)

[Yodel makes a slip up part 1](https://www.reddit.com/r/CasualUK/comments/8b0ce0/the_delivery_guy_just_posted_the_entire_book_of/?st=JFV8770G&amp;sh=fe7fb910) 
[part 2](https://www.reddit.com/r/CasualUK/comments/8ba0ph/let_the_games_begin/?st=JFV88YVX&amp;sh=985ceb35)
[part 3](https://www.reddit.com/r/CasualUK/comments/8bf45s/right_lads_here_we_go/?st=JFV8A0GT&amp;sh=101d1018)

[Do toilets really all flush in E flat?](https://www.reddit.com/r/CasualUK/comments/6ka9lj/testing_bell_whiffs_claim_that_all_toilets_flush/?st=JFVFOQ3Q&amp;sh=63470a20)",https://www.reddit.com/r/CasualUK/comments/8bgk4y/what_would_you_donate_to_the_museum_of_casualuk/,1523448621.0,56,0.93,31,CasualUK,-Bungle-
8bgj3f,So the Daily Mail caught a whiff of Eggcupgate...,,http://www.dailymail.co.uk/femail/food/article-5602471/Man-mocked-posting-picture-egg-soldiers-breakfast.html,1523448319.0,156,0.91,83,CasualUK,TheDiceMan
8bgftc,Stockport viaduct and bus station last night.,,https://i.redd.it/9pq9nqtip9r01.jpg,1523447375.0,213,0.98,23,CasualUK,Bracken1995
8bgdrd,"Bell End road name 'will not be changed', says council",,http://www.bbc.co.uk/news/uk-england-birmingham-43723897,1523446773.0,128,0.99,16,CasualUK,NEWSBOT3
8bg8hu,What does this even mean? It just tries to get me to buy normal Pizza when clicked,[deleted],https://i.redd.it/izlkf74hi9r01.png,1523445094.0,148,0.98,25,CasualUK,[deleted]
8bfx1v,Is there a more versatile food than spaghetti hoops? I don't think so.,,https://i.imgur.com/YlaDWY2.jpg,1523441171.0,107,0.94,34,CasualUK,TopTrumpWANKER
8bfshm,Slow news day on This Morning.,,https://i.redd.it/160bl4f329r01.jpg,1523439439.0,220,0.98,13,CasualUK,ryanlewisdavies
8bfr0w,I'd prefer a Dairylea cake for my 90th birthday,,https://i.imgur.com/2ZPEYbs.jpg,1523438853.0,131,0.97,10,CasualUK,TopTrumpWANKER
8bfml1,BBC presenter falls into swimming pool mid-interview and it‚Äôs glorious,,http://metro.co.uk/2018/04/11/bbc-presenter-accidentally-falls-swimming-pool-mid-interview-glorious-7457073/#mv-b,1523437125.0,195,0.94,39,CasualUK,lolpard
8bflzp,Bike for sale,"Shiny new bicycle, not willing to listen to offers from pensioners with screwdrivers, thanks x",https://www.reddit.com/r/CasualUK/comments/8bflzp/bike_for_sale/,1523436894.0,1570,0.98,26,CasualUK,[deleted]
8bfjpr,To the thief who stole my bike,"I know your life probably sucks more than mine to be willing to risk giving it up for a stay at her majesty's pleasure over a push bike.

I know you probably have problems, history and issues that have left you in this state.

I know I should forgive you and move on, learning from this to insure things I care about.

But that bike was new, and I'm now tied in to Cycle to Work for 12 months for a bike that was stolen before the first payment. So from the bottom of my heart, I hope a pensioner stabs you with a screwdriver.",https://www.reddit.com/r/CasualUK/comments/8bfjpr/to_the_thief_who_stole_my_bike/,1523435943.0,1615,0.99,170,CasualUK,EccentricJackal
8bfcyj,I have been well and truly mugged off this morning,,https://i.imgur.com/mtXxVtT.jpg,1523433157.0,120,0.98,38,CasualUK,crucible
8bf5cs,Apparently an old man buying a toilet is news to the Daily Mirror,,https://i.redd.it/czdtpcgja8r01.jpg,1523430198.0,2281,0.98,114,CasualUK,kindafairy
8bf45s,"Right lads, here we go.",,https://streamable.com/9acqv,1523429776.0,3489,0.95,274,CasualUK,smileh
8bcqq7,Thank you Lidl. I was wasting so much money buying face masks.,,https://imgur.com/Ot1Zrgo,1523404838.0,83,0.96,18,CasualUK,[deleted]
8bbnqb,Nothing about those thugs' lives has ever been left untold. They've been glorified quite enough already.,,https://i.imgur.com/spQEwN3.jpg,1523396262.0,58,0.94,24,CasualUK,DJDarren
8bbjn0,Misty shot of York Minster this evening,,https://i.redd.it/jmzkz1hca5r01.jpg,1523395400.0,329,0.99,29,CasualUK,JerkyOnassis
8bb2l7,"How the hell is ""no mayo"" a selling point for a bacon butty? I should bloody well hope there's no mayo.",,https://i.imgur.com/5SgxYr3.jpg,1523392086.0,144,0.95,39,CasualUK,kenbw2
8bb1n9,"""Your parcel has been hidden behind the plant""",,https://i.redd.it/8j7lqsh4y4r01.jpg,1523391905.0,191,0.98,19,CasualUK,otterdam
8bauh4,"Fair enough, Carphone (wish more recruitment did this)",,https://i.redd.it/bexedg0gt4r01.png,1523390527.0,89,0.95,21,CasualUK,pyro3366
8bakdw,Love festivals in the UK. No one cares about anything. Good times,,https://i.redd.it/brxpbq40n4r01.jpg,1523388577.0,89,0.98,28,CasualUK,BrzezEd
8ba0ph,Let the games begin.,,https://imgur.com/U8nyXtv,1523384802.0,6794,0.95,262,CasualUK,smileh
8b9yyr,LADS HORRIBLE HISTORIES IS ON NETFLIX,,https://i.redd.it/hkd41l9h74r01.jpg,1523384459.0,165,0.96,22,CasualUK,george_regann
8b9ymj,Someone has been partying a bit too hard!,,https://i.redd.it/e7rfus2674r01.jpg,1523384392.0,126,1.0,13,CasualUK,David-Bedlam
8b9wq6,I was early to meet a friend and the only place to wait was a bowling alley. I am now drinking a Slush Puppie alone in a bowling alley bar.,[deleted],https://i.redd.it/ojkdskf064r01.jpg,1523384029.0,185,0.98,32,CasualUK,[deleted]
8b9kgc,Saw this today! Brilliant.,,https://i.redd.it/euzn8kray3r01.jpg,1523381784.0,99,0.95,10,CasualUK,X573ngy
8b94fg,The north/south devide has moved. Spotted in Brighton.,,https://i.redd.it/954kyphun3r01.jpg,1523378822.0,60,0.89,19,CasualUK,scenecunt
8b8t1e,Your protests were heard. The crisps are now opened the correct way.,,https://i.redd.it/bjyotjn2h3r01.jpg,1523376577.0,629,0.97,55,CasualUK,Tuna_Surprise
8b7eep,"Every year Asda sells these creepy fuckers, but I've never seen one in the wild. Who buys them?",,https://i.imgur.com/FghNHr5.jpg,1523365039.0,75,0.96,42,CasualUK,kenbw2
8b7dn3,You can get a Colin the Caterpillar WEDDING CAKE,[deleted],http://www.marksandspencer.com/colin-the-groom-pre-order-/p/p60094578?extid=ps_gglpla_FoodToOrder_804418003_41610502026&amp;s_kwcid=AL!2750!3!193139428746!!!g!374951739303!__EFKW__&amp;device=c&amp;cvosrc=ppc%20shopping.google.Food%20To%20Order%20%3E%20Wedding%20Cakes%20%3E%20Wedding%20Cakes&amp;cvo_pid=41610502026&amp;gclid=CInDiIyor9oCFRDRGwodZ5IPHg&amp;gclsrc=ds&amp;pdpredirect,1523364830.0,120,0.95,41,CasualUK,[deleted]
8b6pwy,Just overheard a student in Sainsbury‚Äôs say that ‚Äúrich tea biscuits just need to go and die‚Äù what on earth has happened to this poor young girl?,,https://www.reddit.com/r/CasualUK/comments/8b6pwy/just_overheard_a_student_in_sainsburys_say_that/,1523357814.0,288,0.94,104,CasualUK,sdeeps
8b6pp4,Anyone here watch Limmy‚Äôs Show?,"If no, gies it a go.
It‚Äôs brilliant.",https://www.reddit.com/r/CasualUK/comments/8b6pp4/anyone_here_watch_limmys_show/,1523357741.0,68,0.93,71,CasualUK,ClarksonYouPillock
8b6o36,"Prince Philhip, everyone",,https://i.redd.it/473s8cy392r01.jpg,1523357188.0,246,0.97,13,CasualUK,psychomaji
8b6hj8,The struggle is real: 106 attempts to get through to the GP,,https://i.redd.it/4pk8f80422r01.jpg,1523354715.0,524,0.97,94,CasualUK,TDL_501
8b6fd5,Lovely British Spring Time,,https://i.redd.it/c3mflt9hz1r01.jpg,1523353890.0,118,0.97,15,CasualUK,WildSusano
8b6d7i,The undisputed champion of afters.,,https://i.imgur.com/BNPGVT6.png,1523353000.0,852,0.9,184,CasualUK,TopTrumpWANKER
8b69nk,Fruity.,,https://i.redd.it/i08d85vts1r01.jpg,1523351628.0,93,0.93,10,CasualUK,ihaveneverbeenwise
8b68qr,Apparently there are more coffee shops than pubs in the UK,"I was just listening to the radio and one of the news stories that they had was that there are more coffee shops in total than pubs with pubs seeing round about a 17% decrease within the last year.

Looks like there is a new face of British culture now.",https://www.reddit.com/r/CasualUK/comments/8b68qr/apparently_there_are_more_coffee_shops_than_pubs/,1523351297.0,71,0.95,79,CasualUK,ratedRsuperstar75
8b60rj,ARE YOU PRICKS HAPPY NOW? (I'm keeping the makeshift eggcup close by just in case things go tits up).,https://i.imgur.com/wXG7JKs.jpg,https://www.reddit.com/r/CasualUK/comments/8b60rj/are_you_pricks_happy_now_im_keeping_the_makeshift/,1523347985.0,2416,0.93,360,CasualUK,panicky_in_the_uk
8b5ygc,Those inspirational messages in tube stations always cheer me up in the morning. &lt;3 Canary Wharf!,,https://i.redd.it/ovp3d9caf1r01.jpg,1523347091.0,278,0.97,47,CasualUK,SenorBirdman
8b5l1o,How do we feel about a Percy Pig beer?,[deleted],https://i.redd.it/d7y4th2701r01.jpg,1523341979.0,374,0.95,39,CasualUK,[deleted]
8b5ak5,We definitely need more cereal mum,[deleted],https://i.redd.it/6ncbxnezo0r01.jpg,1523338279.0,529,0.97,76,CasualUK,[deleted]
8b3mpj,Hey CasualUK people. Just another thank you ‚ô•,"So I posted here a while ago about my disdain for life being a carer for my wife and stuff. A shit load of you gave me gold, I dunno why you did, but it's not gone un-noticed.  I told my wife about the post I made about my ""struggle"", and she sat and read all of your replies, all of them. You made her cry, in a kind of good way. 

This is just to say that I love all of you, the peeps that contributed to my thread, negative or not, it was all taken in. 

I regularly read all of your contributions here, the comments are what make this sub. 

P.S. To the rotary cheese grater egg cup guy, I want to know where to buy one of those graters (they work well I'd like to show the Mrs. them), and I like thick butter, fuck the nay sayers. 

On a more serious note you have ALL really cheered the Mrs. up. 

Best. Sub. By. Far. ‚ô•",https://www.reddit.com/r/CasualUK/comments/8b3mpj/hey_casualuk_people_just_another_thank_you/,1523321864.0,173,0.97,39,CasualUK,neffs
8b23l7,First PG rated Porno I've ever seen.,,https://i.redd.it/a4mvgp8e9yq01.jpg,1523308735.0,307,0.96,21,CasualUK,die4codgrimsby
8b1ir4,My Council Had to Release a Statement Telling People Street Lights Weren't Giving Them Cancer.,,https://i.imgur.com/B41qKaG.png?1,1523304362.0,488,0.99,72,CasualUK,margaerytyrellscleav
8b148m,"Well don‚Äôt make it look like one then,",,https://i.redd.it/mgek49nfnxq01.jpg,1523301351.0,655,0.98,72,CasualUK,friendlypelican
8b0iv5,Recently got a mortgage with Tesco. They sent us this a month after we finalised. Lovely gesture cheers!,[deleted],https://i.imgur.com/xbDNMhG.jpg,1523296970.0,489,0.88,118,CasualUK,[deleted]
8b0ce0,The delivery guy just posted the entire book of blank slips through my door.,,https://imgur.com/ZU4i8be,1523295638.0,2273,0.99,142,CasualUK,smileh
8b05ca,Forgotten top 40 hits of the 00's. Why did so many songs from 2000-2003 sound the same?,,https://www.youtube.com/watch?v=7otHiMznXuo,1523294196.0,57,0.97,48,CasualUK,SunKilMarqueeMoon
8b01p0,"Because it's finals week for Masterchef, here's its best scene ever",[deleted],https://youtu.be/IfeyUGZt8nk,1523293479.0,111,0.95,25,CasualUK,[deleted]
8ayxgf,Did we ever get round to discussing the scandal with inter-species relationships?,,https://i.redd.it/tfrqjx8pawq01.jpg,1523284972.0,99,0.97,21,CasualUK,Komradeadamski
8aylh4,"I prefer shopping for groceries in the local market. I bought all of these for ¬£25 from the farmers and butcher market in Leeds. The rump steak, mackerel, tilapia and the headless redfish are all ¬£1 for each.",,https://i.redd.it/mdkjrfa52wq01.jpg,1523282231.0,174,0.92,59,CasualUK,iapetusocean2016
8aykjz,It‚Äôs a good time to be alive in the UK!,,https://i.redd.it/rxvz30o51wq01.jpg,1523282024.0,120,0.98,63,CasualUK,isitbedtime-yet
8ay4o6,"""Anu's Kitchen"" in Basingstoke, Hampshire. The funny thing is that it had been previously called ""Anu's Grill"", as if someone had told them that there was an issue with the name and then they changed the wrong bit.",,https://i.redd.it/xtgvq53wovq01.jpg,1523277937.0,301,0.98,35,CasualUK,WildTurkey81
8axwlf,"Cumbria, never change",,https://i.redd.it/8ndf2tzuivq01.jpg,1523275603.0,89,0.94,13,CasualUK,CommiesStoleMyFridge
8axs21,A sign posted up today in my workplace. Lovely.,,https://i.imgur.com/Quoy3Kd.jpg,1523274229.0,129,0.98,29,CasualUK,grishnackh
8axkig,"CasualUK, keep me company today while I care for my sick father?","I'm sat on the floor next to his bed, feeling very alone. He's had d &amp; v, plus a bunch of other things, and can't stand or walk. GP is due to do a home visit this afternoon.

He's a hard man to look after, angrily rejects help, refuses to go to hospital. I'm so stressed I feel like vomiting and running away.

So, I dunno. Keep me company so I don't burst into tears?",https://www.reddit.com/r/CasualUK/comments/8axkig/casualuk_keep_me_company_today_while_i_care_for/,1523271769.0,56,0.9,66,CasualUK,mrsfran
8axiz1,"Meanwhile, at Tesco HQ...",,https://i.redd.it/a631bjkr5vq01.jpg,1523271234.0,1785,0.98,40,CasualUK,bigFatHelga
8axhz6,Any Redditors who live along the River Mersey.. how lush is this?,,https://i.redd.it/3j0dhobq4vq01.jpg,1523270852.0,130,0.94,53,CasualUK,raccoony23
8axcn8,Can't help but feel like UK Mail are threatening me...,,https://i.imgur.com/ykSsmOm.jpg,1523268846.0,992,0.99,50,CasualUK,[deleted]
8axbka,"Spotted the fine tradition of mild copyright infringement for shop branding, ""COASTA COFFEE""",,https://i.redd.it/jz6zgdb0xuq01.jpg,1523268467.0,274,0.98,41,CasualUK,poke50uk
8awyfx,"Lovely shot taken by a mate in Highbury Park, Birmingham.",,https://i.redd.it/bsnoyyxihuq01.jpg,1523263059.0,218,0.95,30,CasualUK,itoodovoodoo
8au7q6,Hi! I'm 21 and I have no friends so I'm being brave and branching out.,[deleted],https://www.reddit.com/r/CasualUK/comments/8au7q6/hi_im_21_and_i_have_no_friends_so_im_being_brave/,1523232029.0,84,0.91,83,CasualUK,[deleted]
8atwed,"Thanks to BBC's ""The Sky At Night"", I've found my new porn name.",[deleted],https://i.redd.it/12nm164vnrq01.png,1523229034.0,93,0.97,10,CasualUK,[deleted]
8atdrm,Sign in my local park.,,https://i.redd.it/7bm1p77narq01.jpg,1523224450.0,145,0.93,4,CasualUK,myelectiveishard
8atd00,I had a cheeky twenty that said hello!,,https://i.imgur.com/aR8uLLy.jpg,1523224264.0,289,0.97,14,CasualUK,TheBull696
8arwq5,The Student Room split dead down the middle on the important issues,,https://i.imgur.com/Fm7qfuL.png,1523212310.0,84,0.96,54,CasualUK,Amazonit
8arspj,"Audi drivers may not have the best reputation, and this guy isn't helping.",,https://gfycat.com/HighFrenchArctichare,1523211399.0,66,0.95,27,CasualUK,Bongo2296
8aqzo8,Doncaster at it‚Äôs finest,,https://i.redd.it/d58xgjn8npq01.jpg,1523204586.0,238,0.98,10,CasualUK,MattHTFCJohnson1
8aq1wo,"If you‚Äôre stuck for a pound for a trolley, use a round end key.",,https://i.redd.it/uzd0rynzwoq01.jpg,1523195619.0,266,0.98,57,CasualUK,[deleted]
8appmh,Americans finding out chip butty exists,[deleted],https://imgur.com/f7Qz3sS,1523191532.0,371,0.98,120,CasualUK,[deleted]
8apn5y,Great Yarmouth. I expected nothing and I'm still disappointed.,[deleted],https://imgur.com/8NhontX,1523190636.0,130,0.98,42,CasualUK,[deleted]
8apkbi,2 x Royston to Finsbury Park tickets left on top of ticket machine,,https://i.redd.it/wxv4n3mgeoq01.jpg,1523189595.0,97,0.91,14,CasualUK,galahaa
8ape2d,What's happening to window cleaners,[deleted],https://www.reddit.com/r/CasualUK/comments/8ape2d/whats_happening_to_window_cleaners/,1523187062.0,80,0.97,45,CasualUK,[deleted]
8apae5,The North-South divide as illustrated by Waitrose,,https://i.redd.it/b4yd59gg2oq01.jpg,1523185505.0,1378,0.98,228,CasualUK,MellotronSymphony
8ap2nz,Stupid fucking weather thread,[deleted],https://www.reddit.com/r/CasualUK/comments/8ap2nz/stupid_fucking_weather_thread/,1523181903.0,95,0.94,28,CasualUK,[deleted]
8aotfl,John Lewis know what we truly need to prepare for a British summer,,https://i.redd.it/yvoj9izvenq01.jpg,1523177492.0,358,0.98,19,CasualUK,Klopptomaniac
8aom19,There is a special place in hell reserved for people who litter,,https://i.imgur.com/FZmOD1j.jpg,1523173964.0,109,0.97,27,CasualUK,kumquat_may
8aogvu,"Not even sure what crossed my mind last night, but I sent this via text message a lot to people.",,https://i.redd.it/3ro1cfnlxmq01.jpg,1523171644.0,750,0.96,34,CasualUK,vbloke
8ak8ou,How My kids are getting baptised,,https://i.redd.it/3t4b6x69bjq01.jpg,1523127744.0,244,0.94,23,CasualUK,AskForProbe
8ajc92,Free White Vans...,,https://i.redd.it/tl2zkidgniq01.jpg,1523119996.0,142,0.97,33,CasualUK,smplkd
8aj40y,Netflix getting a bit confused with its geography,,https://i.redd.it/dhd0qu6uhiq01.jpg,1523117967.0,431,0.98,38,CasualUK,WarwickshireBear
8aiw1d,In British springtime even my washing is unsure about being outside.,,https://i.redd.it/mzerl0zdciq01.jpg,1523116026.0,197,0.98,20,CasualUK,Curle101
8aisny,"If anyone needs a barrier, check these guys out. Not a chance anyone‚Äôs getting in there.",,https://i.redd.it/oeg6biyx9iq01.jpg,1523115193.0,388,0.98,32,CasualUK,AlfieTheLad
8airup,"Does anyone else have a rogue ‚Äòlaundry chair‚Äô in their house? You know what I mean, the type of chair that is reserved for clothes that are too clean to go in wash bin, but too dirty to go back in the wardrobe? Chances are you‚Äôll forget what you put there anyway!",,https://i.redd.it/m9yx6ts19iq01.jpg,1523115013.0,364,0.98,47,CasualUK,Old-Blighty
8ai9di,Annoying ads on TV at the moment? Dilly dilly,,https://www.reddit.com/r/CasualUK/comments/8ai9di/annoying_ads_on_tv_at_the_moment_dilly_dilly/,1523110114.0,76,0.95,128,CasualUK,What_A_Shocker
8ai0o5,"After 8 months of waiting, I finally got an appointment to see the mental health team",[deleted],https://www.reddit.com/r/CasualUK/comments/8ai0o5/after_8_months_of_waiting_i_finally_got_an/,1523107577.0,128,0.96,24,CasualUK,[deleted]
8ahmvo,I know the name and life story of every dog in my neighbourhood but i couldn't tell you the name of their owners.,"I go out frequently with my dogs and ive got to know the names and routes of the other dogs. I go out at particular times so my dogs can socialize with them while myself and the other dog walkers chat about what our dogs get up to.

During the 2 years ive lived here, we've all chatted about our dog's age, health, eating and pooping habbits. However during all this time i have never asked or been asked about people names or lives. I acknowledge people as ""x's owner"".",https://www.reddit.com/r/CasualUK/comments/8ahmvo/i_know_the_name_and_life_story_of_every_dog_in_my/,1523102852.0,69,0.96,10,CasualUK,Stuf404
8ahlrh,I know I ate Cheesburger Super Noodles the other day but I just haven‚Äôt got the balls to pick this up from the supermarket and try it. Any volunteers?,[deleted],https://i.redd.it/tkf8ud0r7hq01.jpg,1523102435.0,72,0.95,40,CasualUK,[deleted]
8ahh9y,Payback,,https://i.redd.it/xld6kwal2hq01.jpg,1523100670.0,508,0.99,26,CasualUK,hoecaptions
8ah32o,"‚Ä™Sending me to Aldi with a mandate to pick up anything else I think we need is a sure fire way to get a new caravan cover, chainsaw and one of those fuzzy gloves for cleaning cars.‚Ä¨",,https://www.reddit.com/r/CasualUK/comments/8ah32o/sending_me_to_aldi_with_a_mandate_to_pick_up/,1523094503.0,139,0.94,47,CasualUK,Muhruhwuh
8ah24j,Quality literature abandoned at my local bus stop.,,https://i.redd.it/725edck1jgq01.jpg,1523094042.0,186,0.98,25,CasualUK,iain127
8agwwb,The Metro's top videos are informative and newsworthy,,https://i.redd.it/8njcf21jbgq01.png,1523091638.0,309,0.98,40,CasualUK,pm_me_hedgehogs
8agg7y,Markets of Britain - ‚ÄúWe all make mistakes...‚Äù,,https://youtu.be/zSG2pD-2O2g,1523084202.0,56,0.96,12,CasualUK,[deleted]
8agfrs,Welcome google,,https://i.redd.it/w7yl59t0pfq01.png,1523084030.0,62,0.92,12,CasualUK,cliveQ
8aexh9,"People moan about the NHS. But it has kept my dad alive for the past year, with cancer trying to kill almost every organ he has. Today he got to spend the day with my mum. And never once have we had to make the hard choice between what we can afford, and keeping him alive. Thank you all.",,https://i.redd.it/7288qxwg6eq01.jpg,1523065875.0,20032,0.93,783,CasualUK,smudgeums
8ae6w1,He managed three pushups with a doggo on his back.,,https://i.redd.it/ummb0qhzkdq01.jpg,1523058413.0,75,0.86,12,CasualUK,braceforimpact
8acqta,The crisp flavours in the UK are getting a bit mental....,,https://imgur.com/MqnOWuD,1523045938.0,68,0.91,15,CasualUK,Eyebaws
8ach6g,Mental Health is important! Fundraising for MIND by running the Sheffield Half Marathon this weekend!,,https://i.redd.it/iapibeecdcq01.jpg,1523043858.0,147,0.95,20,CasualUK,I_AppearMissing
8abu1z,Should be fun spectating at the Finish line,[deleted],https://i.imgur.com/WNiuvod.jpg,1523038838.0,144,0.98,18,CasualUK,[deleted]
8abtjs,Did anyone else's secondary school split the Year into French and German Forms?,"So was just at the pub after work with a couple of mates and we were chatting shit about school days. 

I mentioned that at my secondary school the French and German side of my year didn't really mix in classes until we started our GCSE options. And they both didn't have a fucking clue what I was talking about in terms of French and German Forms.

So at my school half the students in each year were sorted into 4 different Forms who had German as their second language class and the other half did French. It meant that from Year 7 to 9 all the mixed classes such as Science and PE were only mixed with a Form from the same language. 

It made Sports Day extra competitive as there was an unofficial France v Germany Medal Table, and during break time footy we also tended to split teams between the two sides. 

We didn't really have a choice over which side you went into though a couple of lads who had French relatives were allowed to switch. I was sorted to do French, for jokes they made our Form Tutor a German teacher! Spanish was one of the GCSE options from Year 10.

I never really questioned this before but apparently this is quite unusual and most schools make either French or German mandatory for all students then the other choice along with Spanish becomes an option at GCSE level.

For context this was 1997-2002 so it may just have been an old way of doing things, it was also a high school in Huddersfield at a village by Last of the Summer Wine country and I know we're weird fucking Hill People from up there! 

Did anyone else's school do this?",https://www.reddit.com/r/CasualUK/comments/8abtjs/did_anyone_elses_secondary_school_split_the_year/,1523038718.0,58,0.96,66,CasualUK,DrZomboo
8aarh2,Disgusting workplace kitchen photo thread,,https://i.imgur.com/zccnGfP.jpg,1523030881.0,75,0.99,33,CasualUK,RoryC
8aajg4,Make Your Mind Up Please...,,https://i.redd.it/rvwumwll5bq01.jpg,1523029360.0,106,0.97,24,CasualUK,BoazMayhem
8aa7xv,Size of a pothole which has been reported several times and is growing. This road has a large amount of truck and farming traffic. Size 7 shoe for scale,,https://i.redd.it/m8ok887kzaq01.jpg,1523027012.0,83,0.99,35,CasualUK,EdwardTennant
8aa5nw,Stay vigilant everyone.,,https://imgur.com/4EyHHUb,1523026547.0,58,0.96,7,CasualUK,[deleted]
8a9rcv,"Stick to the pasties, Greggs, Twitter memes aren't for you!",,https://i.redd.it/6znz65a8paq01.jpg,1523023478.0,148,0.95,26,CasualUK,Uin18
8a9kaf,Ohh thats a hard one to get...,,https://i.redd.it/xpx6fkwdkaq01.jpg,1523021900.0,136,0.96,46,CasualUK,Rextherabbit
8a9i3e,Is it a requirement for every GP and dentist receptionist to be rude?,I've been to countless GP surgerys and dentists and all of them have a grumpy middle aged woman. What gives?,https://www.reddit.com/r/CasualUK/comments/8a9i3e/is_it_a_requirement_for_every_gp_and_dentist/,1523021408.0,113,0.99,53,CasualUK,archip00p
8a9dpj,Must.....Kill.....Daddy,,https://i.redd.it/k059qg3wfaq01.jpg,1523020343.0,781,0.98,31,CasualUK,Komradeadamski
8a9dk8,One of the best Sunday Sport articles ever made! You got any good ones...?,,https://i.redd.it/9yu60f1kfaq01.png,1523020314.0,262,0.97,49,CasualUK,DBRWes
8a8qkj,"CasUK charity hit a bit of a milestone last night. Not bad, guys. Not bad.",,https://i.imgur.com/q7FAx2t.jpg,1523014158.0,119,0.96,12,CasualUK,joethesaint
8a8h2z,Drug dealers are so desperate...,"So I‚Äôm a 14 year old Scottish lad, and last night I was on the high street of Dunbar with 4 or 5 mates, not too late only about 9pm. Some guy in his late 20s or early 30s walked up to us and said ‚Äúany of yous interested in buying some coke?‚Äù Can‚Äôt believe he thought a few 14 year olds would have the money for it let alone have the mental incentive to actually buy it. Surely he should be targeting older people? We just gave him dirty looks and he kinda shrank and walked off. Anyone else had a similar experience?",https://www.reddit.com/r/CasualUK/comments/8a8h2z/drug_dealers_are_so_desperate/,1523011166.0,70,0.94,76,CasualUK,beepbeeplettuce69420
8a8go5,The worst üò§,,https://i.redd.it/qar2ahl9a9q01.jpg,1523011027.0,96,0.97,28,CasualUK,millsytime
8a8dup,"If we're doing small business FB meltdowns, then it's time to revisit this classic: The Goat Cafe goes nuclear.",,https://imgur.com/a/ECxSx,1523010056.0,101,0.97,29,CasualUK,loudribs
8a899i,Important Announcement: All BBC series of Bake Off are now on Netflix,[deleted],https://i.redd.it/uxl1fx9ig9q01.jpg,1523008504.0,478,0.94,41,CasualUK,[deleted]
8a813z,My type of news,[deleted],https://i.redd.it/dxl1nr0l79q01.jpg,1523005474.0,588,0.97,58,CasualUK,[deleted]
8a7vkt,CasualUK Film Club - The Results,"Good morning, afternoon or evening.

On Tuesday I opened up a [thread](https://www.reddit.com/r/CasualUK/comments/89deln/casualuk_film_club/) to re-start the CasualUK Film Club and we got some great suggestions.

The voting is now closed and the 3 films have been chosen by you guys. 

The rules are simple. Watch film, then talk about film on the next Film Club post on Tuesday 

So, lets see what you lovely people want to watch!

**Film 1** - [Hunt For The Wilderpeople](https://www.rottentomatoes.com/m/hunt_for_the_wilderpeople/)

[Trailer](https://www.youtube.com/watch?v=43D7XRHE1ac)

RT Score: 97%

Director: Taika Waititi

Stars: Sam Neill, Julian Dennison, Rima Te Wiata

Adventure, Comedy, Drama

A national manhunt is ordered for a rebellious kid and his foster uncle who go missing in the wild New Zealand 

**Harry's note**: I have watched this film 2 or 3 times and it is fantastic, its by a favourite director of mine and is actually quite a moving film when all the silliness is out of the way

**Film 2** - [Nice Guys](https://www.rottentomatoes.com/m/the_nice_guys/)

[Trailer](https://www.youtube.com/watch?v=z-_HQ0bUzS8
)

RT Score: 92%

Director: Shane Black

Stars: Russell Crowe, Ryan Gosling, Angourie Rice

Action, Comedy, Crime

In 1970s Los Angeles, a mismatched pair of private eyes investigate a missing girl and the mysterious death of a porn star.

**Harry's note**: This is one of my absolute favourite comedies of all time. Not normally a Russell Crowe fan but he puts in an absolutely fantastic performance as does dreamboa~~r~~t Ryan Gosling

**Film 3** - [Whiplash](https://www.rottentomatoes.com/m/whiplash_2014/)

[Trailer](https://www.youtube.com/watch?v=7d_jQycdQGo
)

RT Score: 94%

Director: Damien Chazelle

Miles Teller, J.K. Simmons, Melissa Benoist

Drama, Music

A promising young drummer enrolls at a cut-throat music conservatory where his dreams of greatness are mentored by an instructor who will stop at nothing to realize a student's potential.

**Harry's note** I haven't seen this film, however having watched the trailer it looks like my cup of tea! Excited to watch this one!",https://www.reddit.com/r/CasualUK/comments/8a7vkt/casualuk_film_club_the_results/,1523003360.0,50,0.92,27,CasualUK,HarryGoLocky
8a7mze,The yellow circle in the sky has disappeared and it seems we are going to have 40 days and 40 nights of dire consequences raining down on us.,The rapture is nigh my friends. Join me for salvation.,https://www.reddit.com/r/CasualUK/comments/8a7mze/the_yellow_circle_in_the_sky_has_disappeared_and/,1523000015.0,58,0.89,8,CasualUK,Autisticunt
8a4uxv,"Why is it that if you can see a guy's bare ankles on a night out, there's a 92% chance that he's a twat?",[removed],https://www.reddit.com/r/CasualUK/comments/8a4uxv/why_is_it_that_if_you_can_see_a_guys_bare_ankles/,1522972563.0,270,0.97,92,CasualUK,[deleted]
8a433c,Britain's truck drivers are funny,,https://i.redd.it/bh4kbzbsy5q01.png,1522966366.0,88,0.95,16,CasualUK,tharosbr0
8a40rd,A friend of mine posted this on facebook. How does someone manage this?,,https://i.redd.it/vt39xrqtx5q01.jpg,1522965878.0,133,0.99,84,CasualUK,BritishOvation
8a3nzc,"Want a luggage carousel for your house? A ""Nothing to Declare"" sign for the garden? Maybe a large urinal for the bathroom?! Heathrow is auctioning off the contents of Terminal 1.",,https://thepointsguy.com/news/heathrow-terminal-1-auction/,1522963273.0,66,1.0,5,CasualUK,TristansDad
8a2m3b,I can't be the only who prefers the girls on the piano......,"Instead of the shitty poems for the nationwide adverts. Seriously, at least the song from those girls were catchy and enjoyable. I don't understand why people sent them death threats.",https://www.reddit.com/r/CasualUK/comments/8a2m3b/i_cant_be_the_only_who_prefers_the_girls_on_the/,1522955736.0,53,0.91,26,CasualUK,DomSP
8a2krc,"I was visiting my parents and found this in the garage... according to my dad, my mum keeps buying the wrong coffee and must now take one of these with her shopping.",,https://i.redd.it/xy792mcw25q01.png,1522955463.0,110,0.99,9,CasualUK,LennisMiller
8a0fh5,I don't remember this one in the old highway code,,https://i.redd.it/g74c49cju3q01.jpg,1522940520.0,164,0.99,8,CasualUK,eteeks
8a0f8v,"The methods are new, the passive-aggressive is eternal",,https://imgur.com/9J95Z78,1522940484.0,393,0.98,30,CasualUK,[deleted]
8a0cco,Gis' us a fag mum.,,https://i.redd.it/7mvm8v8ms3q01.jpg,1522939915.0,112,0.96,22,CasualUK,[deleted]
89zt15,London advertising targeting bloody wankers.,,https://i.redd.it/i12tgwe5g3q01.jpg,1522935937.0,178,0.98,11,CasualUK,TheJackMan23
89zqmp,Celebrating the annual day of Spring in the North East with a walk up Tynemouth sea front,,https://i.redd.it/44v2jax4f3q01.jpg,1522935337.0,101,0.99,16,CasualUK,[deleted]
89zmh7,I think I came across the remains of a pool party in the River Aire,,https://i.imgur.com/MDaXUfe.gifv,1522934392.0,77,1.0,16,CasualUK,Glurt
89zk4q,Perfect face for this quote,,https://i.redd.it/tfgxgcgp93q01.png,1522933893.0,152,0.91,31,CasualUK,channelbird
89zhip,Blimey...,,https://twitter.com/ThatFurf/status/981607219086221312?s=19,1522933283.0,104,0.98,9,CasualUK,albo_underhill
89zc08,My Snickers bar knows exactly how I feel,,https://i.redd.it/77lstzmx43q01.jpg,1522931936.0,98,0.9,17,CasualUK,Sidthegeologist
89z1r4,And they say having kids limits your lifestyle,,https://i.redd.it/xcohwdkpv2q01.jpg,1522929290.0,754,0.98,60,CasualUK,Desigium
89yldr,The yellow circle is in the sky and it hasn't snowed for 72 hours,"Quick, hang out the washing before it disappears for another 12 months. ",https://www.reddit.com/r/CasualUK/comments/89yldr/the_yellow_circle_is_in_the_sky_and_it_hasnt/,1522924378.0,427,0.97,47,CasualUK,[deleted]
89ybqm,Ross kemp looking like he‚Äôs eaten too much fruit and fibre and shartted,,https://i.redd.it/2dav3obr82q01.jpg,1522921094.0,67,0.92,8,CasualUK,ThegreatestPj
89xzmy,Use of rude words across the UK,,http://imperfectlens.com/assets/img/tweets/maps_and_tables_of_rude_words.png,1522916564.0,173,0.94,96,CasualUK,The_Data_Dude
89xt5r,Beautiful crisp morning,[deleted],http://i.imgur.com/qd4lnGJ.jpg,1522914121.0,132,0.97,16,CasualUK,[deleted]
89wckh,How bloody slow are they?,,https://i.imgur.com/nYAfMsA.jpg,1522898245.0,293,0.99,39,CasualUK,Asmundr_
89ukdh,The absolute state of Percy Pigs,[deleted],https://i.redd.it/m1a7qd9h4zp01.jpg,1522883365.0,158,0.99,12,CasualUK,[deleted]
89ttf3,Apparently Frodo was trying to get to a small village in Bedfordshire,,https://i.redd.it/6450l2droyp01.jpg,1522878042.0,104,0.94,1,CasualUK,GingerWatfordFan
89toes,Left my dad a note on his bike lock,,https://i.redd.it/cfdl1h32lyp01.jpg,1522877169.0,457,0.98,16,CasualUK,[deleted]
89te74,"Had some divvy youngsters on the doorstep earlier making a racket. Told them they had woke my young children up. They turned into the most polite, apologetic young men I've ever met.",I don't have kids. It works better than telling them to fuck off. ,https://www.reddit.com/r/CasualUK/comments/89te74/had_some_divvy_youngsters_on_the_doorstep_earlier/,1522875213.0,169,0.97,23,CasualUK,demojunky73
89tdf7,Just your average day in Walsall,,https://i.redd.it/gbeheecvfyp01.jpg,1522875069.0,105,0.93,15,CasualUK,JackDukes
89tc7l,Please welcome your new Mod.,"Hi All,

Since Whiffers inherited a fortune, jacked in work and moved to Italy we've been a Mod short. So we decided to recruit another one.

As we pride ourselves on our diversity and inclusiveness we decided to choose our new Mod from a deprived and disadvantaged section of society. He's Welsh.

So welcome aboard to /u/itmidget, may all of your bans be lengthy.

Love,

HPB xox",https://www.reddit.com/r/CasualUK/comments/89tc7l/please_welcome_your_new_mod/,1522874854.0,149,0.93,63,CasualUK,HPB
89sxma,"It can't be that bad to live there, can it?",,https://i.redd.it/4r7wlpp87yp01.jpg,1522872155.0,171,0.99,11,CasualUK,C_von_Hotzendorf
89si9h,"What amazing ‚Äúthing‚Äù do you live nearby? I live near the Welland Viaduct, the longest of its kind in the U.K. at 1168m.",,https://i.redd.it/8wq1i8ptxxp01.jpg,1522868987.0,772,0.99,413,CasualUK,Willyamsss
89rh2w,How do you eat a Custard Slice,"Today whilst buying my daily Tesco meal deal i spotted a double pack of custard slices reduced to 28p. Since it's a few days after pay day and we've been watching quite a lot of Bake off on netflix I thought why not ""Treat Yo Self"". How wrong was I. After I finished off my chicken, bacon and stuffing sandwich and Flame Grilled Steak McCoys i stuck into the main event. My first bite sent all the custard flying out the sides and all over my nice new mechanical keyboard. i'm now too scared to tuck into the second one in fear of the same thing happening. How do you eat these delicious rectangles of custard without making a total mess?",https://www.reddit.com/r/CasualUK/comments/89rh2w/how_do_you_eat_a_custard_slice/,1522862320.0,52,0.93,35,CasualUK,Edifer454
89r2ak,"Terrible I know, but every time I see his name I think he has died.",,https://i.redd.it/q2edsb7w5xp01.jpg,1522859616.0,401,0.97,45,CasualUK,CriesWhenEjaculates
89qz4c,Big fluffy pub dog,,https://imgur.com/c77nB40,1522859058.0,273,0.95,23,CasualUK,fozzie1984
89qxrd,I wanted to help this poor guy but didn‚Äôt know how,[deleted],https://i.imgur.com/N9suIlQ.jpg,1522858841.0,100,0.96,6,CasualUK,[deleted]
89qeue,McDonald‚Äôs calling it the ‚ÄòGrand Big Mac‚Äô instead of the ‚ÄòMac Daddy‚Äô,I feel like they really missed out,https://www.reddit.com/r/CasualUK/comments/89qeue/mcdonalds_calling_it_the_grand_big_mac_instead_of/,1522855446.0,56,0.89,30,CasualUK,bean__curd
89qdmz,"Heartwarming moment on ""Educating Yorkshire"" when a school teacher helps a student overcome his stammer. The teacher had seen the method used in the movie ""The King's Speech"" and tested it, with success.",,https://youtu.be/XogvI6TP72M,1522855183.0,129,0.9,22,CasualUK,Hassaan18
89q05m,My mum received an apology biscuit from DPD!,,https://i.redd.it/p8f1vvvlkwp01.jpg,1522852601.0,421,0.97,61,CasualUK,EthusiasticKittenn
89puxq,Local Tesco always happy to help,,https://i.redd.it/1oa2boawhwp01.jpg,1522851535.0,3159,0.99,69,CasualUK,TheLastLlama_
89psyb,Shit is going down in Taunton right now,,http://imgur.com/tjYzxy8,1522851166.0,316,0.98,34,CasualUK,[deleted]
89p65l,The Sun shared the post about my train ticket. Used your comments in the story too. Guessing they didn't ask your permission either. Pricks.,,https://www.thesun.co.uk/news/5965023/train-bristol-london-ticket-200-pounds-return/?utm_source=FBPAGE&amp;utm_medium=social&amp;utm_campaign=SprnklrSUNOrganic&amp;UTMX=Editorial:SunMoney:FBLink:Quote:News,1522846325.0,1594,0.98,298,CasualUK,Stittastutta
89oxk5,Yeah well fuck you too.,,https://imgur.com/jyeoOHn,1522844239.0,583,0.99,30,CasualUK,[deleted]
89ox84,The book that taught my mum to cook in the 70's -a simpler time,,https://i.imgur.com/gu9giLT.jpg,1522844154.0,62,0.96,23,CasualUK,[deleted]
89ocn6,Free Cineworld ticket for whoever wants it.,[deleted],https://www.reddit.com/r/CasualUK/comments/89ocn6/free_cineworld_ticket_for_whoever_wants_it/,1522838438.0,55,0.92,60,CasualUK,[deleted]
89o45z,PSA: Always look before opening your car door. I forgot and it almost cost me my life.,[deleted],https://www.reddit.com/r/CasualUK/comments/89o45z/psa_always_look_before_opening_your_car_door_i/,1522835750.0,128,0.94,28,CasualUK,[deleted]
89o322,This company name is outrageous!,,https://i.imgur.com/kZwXsJm.jpg,1522835404.0,57,0.93,8,CasualUK,TopTrumpWANKER
89nhvu,RIP old Coronation Street,,https://imgur.com/xbDCw2u,1522828226.0,272,0.96,33,CasualUK,wrongrrabbit
89krjm, ∏·µí·µò ≥ ·µê·µò·µê ·µç·µÉ ∏ À°·µíÀ°,,https://i.redd.it/1joxrv33ksp01.jpg,1522803867.0,657,0.96,43,CasualUK,JollyEnglishWanker
89j7ti,"""50,000 people used to live here, now it's a ghost town""","This quote is literally me entire life as a teenager.

Any quotes from games that take you back in time as a young'un?",https://www.reddit.com/r/CasualUK/comments/89j7ti/50000_people_used_to_live_here_now_its_a_ghost/,1522793091.0,88,0.93,106,CasualUK,Autisticunt
89j3n7,Far Cry 5 has Sky+ remotes in it,,https://i.imgur.com/AQ4dNXq.jpg,1522792405.0,584,0.97,84,CasualUK,GregorF92
89imbh,You can get PE teachers going for a good 20 minutes by calling a somersault a rolliepollie,[deleted],https://www.reddit.com/r/CasualUK/comments/89imbh/you_can_get_pe_teachers_going_for_a_good_20/,1522789586.0,75,0.96,35,CasualUK,[deleted]
89iljm,Can anyone speak dog? Love to know what this sign says...,,https://i.redd.it/jzqhi9w6drp01.jpg,1522789471.0,126,0.96,17,CasualUK,JabbaTheWot
89i383,In the Eastenders universe what is on television on the timeslot normally occupied by Eastenders?,So when people in Albert square watch BBC One at 7:30/8:00 what‚Äôs on? Is it like some alternative soap opera that takes place in our world?,https://www.reddit.com/r/CasualUK/comments/89i383/in_the_eastenders_universe_what_is_on_television/,1522786683.0,52,0.94,13,CasualUK,chickenburgerr
89i0qt,"MI7 on Twitter - """"We've issued an efit for of a suspect in the robbery of the crown jewels from the Tower of London. If you have any information please contact us.""",,https://i.redd.it/z4qe6dfn3rp01.jpg,1522786311.0,193,0.97,14,CasualUK,theivoryserf
89hwmz,When Greggs is life,,https://i.redd.it/at6qx5fz1rp01.jpg,1522785712.0,167,0.94,26,CasualUK,smoke_weed_nobhead
89hmtv,TV magic of the past.,,https://i.redd.it/llv11fkrxqp01.jpg,1522784225.0,3431,0.97,182,CasualUK,[deleted]
89fsky,Stephen Hawking arranged a three-course meal for 50 homeless people on the day of his funeral,,https://www.standard.co.uk/news/uk/stephen-hawking-pays-for-huge-easter-meal-for-homeless-people-on-day-of-his-funeral-in-heartwarming-a3804541.html,1522774030.0,164,0.97,9,CasualUK,rswallen
89f42k,End of an era! Final edition,,https://i.redd.it/qv7vgevzrpp01.jpg,1522770180.0,237,1.0,40,CasualUK,megwump
89elsa,What flavour will they think of next,,https://i.redd.it/dp9qhjgijpp01.jpg,1522767333.0,244,0.98,26,CasualUK,branchyboy
89eb7n,"Warwickshire Police on Twitter - ""We've issued an efit for of a suspect in a distraction burglary in Stratford in February. If you have any information please contact us.""",[deleted],https://imgur.com/tsFcnQc,1522765621.0,173,0.98,40,CasualUK,[deleted]
89duhe,You‚Äôre not allowed to make Rollie‚Äôs in the library,,https://i.redd.it/1kwurvyw5pp01.jpg,1522762813.0,158,0.94,34,CasualUK,GrampaBigSack
89deln,CasualUK Film Club,"The long awaited **CasualUK Film Club** is back by absolutely no demand other than I need some new films to watch!

The rules are simple 3 fold

1) The film needs to be on UK Netflix, Youtube or a free streaming service

‚Ä¢b The film cannot be Bee Movie

iii) The 3 choices with the most upvotes (that isn't Bee movie) will be watched and then we will talk about them in next weeks thread

So today is the nomination thread!

Nominate which films you want to ~~fight to the death~~ watch and then we will eventually get around to watching them this weekend and then next Tuesday you can talk about the films you watched and vote for even more films to watch!

p.s if you have any suggestions how to improve this let me know!",https://www.reddit.com/r/CasualUK/comments/89deln/casualuk_film_club/,1522759921.0,93,0.94,128,CasualUK,HarryGoLocky
89dax9,Free wifi code for Virgin Trains West Coast,"Just about to get off the train, so thought I'd give away my wifi code - I don't need it any more.

Expires 4th of April at around midday.

Code is:
bUTb-QHkG-XnnV


Hope someone gets some use out of it! :)


EDIT: The code will have expired now. Hopefully someone was able to use it!",https://www.reddit.com/r/CasualUK/comments/89dax9/free_wifi_code_for_virgin_trains_west_coast/,1522759204.0,750,0.98,35,CasualUK,oolivero45
89cu9z,Cheers Karen,[deleted],https://i.imgur.com/s4xPRzR.png,1522755813.0,113,0.94,16,CasualUK,[deleted]
89cg56,"A drunk welshman shouted at me 'We've got bigger daffodils than you, your daffodils are shit!'",,https://www.reddit.com/r/CasualUK/comments/89cg56/a_drunk_welshman_shouted_at_me_weve_got_bigger/,1522752706.0,165,0.97,20,CasualUK,MayoDwarff
89cbnh,"If it isn't on Facebook, it isn't official",,https://i.imgur.com/9zSIFgH.png,1522751579.0,232,0.99,6,CasualUK,Glurt
89bx0f,CasUK / Shelter Justgiving update. We're at 75% within 24 hours of it starting - well done so far everyone.,,https://imgur.com/j3piHcG,1522747859.0,84,0.96,10,CasualUK,HPB
89bmxa,Looking for a new vacuum. Thanks for the review Kenzy.,,https://i.imgur.com/p3ybuSn.png,1522745213.0,331,0.97,45,CasualUK,Cornerway
89bedl,Look who's back!,,https://i.imgur.com/UcaZDG6.jpg,1522742923.0,68,0.93,8,CasualUK,PhreakyByNature
89b4a1,Win National Express coach tickets with Flash! If you can travel before 14th March 1988 that is...!,,https://i.imgur.com/ySZsRXy.jpg,1522740389.0,74,0.91,8,CasualUK,PhreakyByNature
89aw9g,A new highscore for GWR. ¬£218.10 for a day return from Bristol to London. Less than a 90min journey. Pricks.,,https://i.redd.it/31ylw6n35np01.jpg,1522738508.0,9938,0.94,1158,CasualUK,Stittastutta
89a343,"Walked into dewsbury train station at 5am, was a busy Bank Holiday",,https://i.redd.it/yugqb1mohmp01.jpg,1522732783.0,82,0.97,21,CasualUK,chubbyjake1
896lxi,Royal wedding,,https://i.redd.it/cs0x9hkeekp01.jpg,1522713957.0,326,0.97,9,CasualUK,[deleted]
892r61,The average day of a Brit when waiting for a parcel,,https://i.redd.it/rmvmnoq0fjp01.jpg,1522693164.0,91,1.0,11,CasualUK,Dannystator
892cpd,Classic Birmingham,,https://i.redd.it/n4ec2163bjp01.jpg,1522691849.0,90,1.0,14,CasualUK,FinalNever
891q8n,So cheap I feel like I stole it. Thanks M&amp;S.,,https://i.redd.it/o4hi4mj35jp01.jpg,1522689858.0,235,0.96,56,CasualUK,SavageMurphy
891l9i,Street sign in Edinburgh,,https://i.redd.it/zrl3r98m3jp01.jpg,1522689419.0,175,0.93,13,CasualUK,berb9
890t7a,Queen casually complaining in an interview how heavy the crown is due to way too many diamonds,,https://youtu.be/7iksIsZOCBM,1522687155.0,54,0.94,18,CasualUK,mmhci
890kbj,"Bumped into my mum at Sainsbury's and she bought all my shopping for me! And she had picked up a Minstrels easter egg (¬£1.50 by the way) for me too, winning!",,https://www.reddit.com/r/CasualUK/comments/890kbj/bumped_into_my_mum_at_sainsburys_and_she_bought/,1522686049.0,55,0.92,5,CasualUK,lord_kelly
89071q,This is terrifying- what is the right thing to do in a situation like this?,,https://www.youtube.com/watch?v=grtWiGEM0J4,1522683234.0,125,0.99,274,CasualUK,[deleted]
89035q,The way this American typed ¬£40,[deleted],https://i.redd.it/5i3eb3jviip01.jpg,1522682361.0,233,0.98,36,CasualUK,[deleted]
8900py,"Quality ASDA products - Jars for your Coffee, sugar and Ted",,https://imgur.com/6GohjPT,1522681824.0,284,0.99,40,CasualUK,benjymous
88zteg,My new pub of choice,,https://i.imgur.com/1Mid87N.jpg,1522680245.0,139,0.92,13,CasualUK,InappropriateSurname
88zc58,Faith in the British People restored today...,"My wife lost her engagement ring today in a car park. We asked if it had been handed in but to no avail. We were there a good long while. She was gutted (obvs) and so we trundled home depressed. I informed the police, and sent Facebook and Twitter posts out as well as contacting some FB community groups. 

About to call the insurance company when we got a call that someone (3 hours later) handed it in! About to go and pick it up. 

Thank you Britain, for being exactly what I was losing faith in. A country of generally nice people who just want a decent life for everyone. ",https://www.reddit.com/r/CasualUK/comments/88zc58/faith_in_the_british_people_restored_today/,1522676189.0,228,0.98,26,CasualUK,Wackyal123
88z87k,My condolences to those travelling north on the M5 today,[deleted],https://i.redd.it/vgf8jmoexhp01.jpg,1522675138.0,77,0.98,15,CasualUK,[deleted]
88z82q,And so Jesus rose from the dead...with a vengeance!,,https://i.redd.it/2er0gky4xhp01.jpg,1522675108.0,85,0.95,11,CasualUK,EarlOfBronze
88z4tl,My local Asda is taking some serious risks with public safety,,https://i.redd.it/kf0r9o6juhp01.jpg,1522674255.0,653,0.98,41,CasualUK,GlassiamIsAFag
88ys20,Thanks Town Clerk,,https://i.redd.it/kcctjtj4chp01.jpg,1522670592.0,271,0.99,22,CasualUK,Lovetoupvoteyou
88yp3s,All4 is a national treasure. I cancelled Netflix and get this many box sets for free? And they turn the volume down on adverts too!!,Currently watching 13 Commandments and it's pretty good.,https://www.reddit.com/r/CasualUK/comments/88yp3s/all4_is_a_national_treasure_i_cancelled_netflix/,1522669661.0,59,0.94,28,CasualUK,[deleted]
88ym3m,Rate my fry up... ah fuck,,https://i.redd.it/3gtyrds4ehp01.jpg,1522668669.0,486,0.96,28,CasualUK,Submarine-and-Chill
88ylgy,CasualUK donates money to charity - THE ACTUAL DONATION BIT!,"Hello everyone, I hope you're all well and have had a cracking Easter weekend. 

Over the past couple of weeks you have nominated and voted for charities to be this sub's official charity for the next three months, and the winner with 28% of the vote was [Shelter](http://www.shelter.org.uk/)! 

Without further ado, **[here is the link to the JustGiving page](https://www.justgiving.com/fundraising/casual-uk)**.

If you wish to donate, please give whatever you feel comfortable with, but as a guideline we think it would be fantastic if we could donate the cost of a pint in our local.

An enormous thanks from all the mods to everyone who has participated. For anyone who missed all this, the links below will catch you up.

[The vote thread](https://www.reddit.com/r/CasualUK/comments/87gydi/rcasualuk_donates_money_to_charity_the_vote/)

[The nomination thread](https://www.reddit.com/r/CasualUK/comments/86jv8e/rcasualuk_donates_money_to_charity/)

This thread will be stickied for an amount of time, and then we will put the link in the sidebar.

Good day to you all. Let's get some roofs over some heads!",https://www.reddit.com/r/CasualUK/comments/88ylgy/casualuk_donates_money_to_charity_the_actual/,1522668466.0,220,0.97,37,CasualUK,joethesaint
88yg8e,British Parenting (FIXED),,https://i.redd.it/lnad2got7hp01.jpg,1522666697.0,20184,0.92,593,CasualUK,MoreCamThanRon
88ybeg,"BREAKING NEWS: Had no gravy for a roast, used a chicken Cup A Soup instead, I fuckin liked it!",[deleted],https://www.reddit.com/r/CasualUK/comments/88ybeg/breaking_news_had_no_gravy_for_a_roast_used_a/,1522664818.0,139,0.95,22,CasualUK,[deleted]
88y0el,A message from a service engineer,"I'm a service engineer, I fix fruit machines etc,
As a nationwide tip please for the love of god stop asking us if we can make ""the machines pay out haha"" its not funny.
If you want a chat say hello and ask a question.",https://www.reddit.com/r/CasualUK/comments/88y0el/a_message_from_a_service_engineer/,1522660429.0,54,0.92,26,CasualUK,BlackYacks
88xmmf,Finally perfected my triple cooked chips recipe,"King Edward potatoes cut into batons (about the width of your little finger - 1x1cm approx).

Rinse well under cold water to remove starch. 

Bring a pan of water to the boil. Add salt and half a teaspoon of bicarbonate of soda. 

Add the chips, bring back to a simmer and cook for 2 minutes. 

Drain and allow to dry completely. 

Bring your chip pan to around 160¬∞ and fry the chips in batches for about 1 minute, or until just starting to turn golden. You don't want the temperature to drop too much, so cook them in smaller batches and let it come back up to temperature before the next batch.

Drain well, allow to cool and place in the freezer for a few hours spread out on a tray so they don't stick to each other. 

When you want to serve, bring the oil to around 190/200¬∞ and cook the frozen chips for 2-5 minutes, or until golden brown. 

Serve immediately.

https://imgur.com/a/q7HSV

Bicarbonate of soda helps the outside of the chip turn into a potato mush which crisps up better when frying (one quarter teaspoon per litre of water).

Freezing expands the water inside the starchy centres which creates a lovely fluffy interior.

Maris Piper will do, but have less flavour (I think, anyway). King Edwards are your best bet.",https://www.reddit.com/r/CasualUK/comments/88xmmf/finally_perfected_my_triple_cooked_chips_recipe/,1522654456.0,388,0.96,62,CasualUK,vbloke
88xhap,Snowmaggedon Part 6 (?): will you just fuck off now it's April.,"Nipped up to my parents' for the weekend and have woken up to [an inch or so of snow](https://i.imgur.com/hQl5iIo.jpg),  and it apparently not stopping until 12.

Piss off snow!

Edit: my train got cancelled so now I have an extra hour delay due to this shit weather. Excellent.",https://www.reddit.com/r/CasualUK/comments/88xhap/snowmaggedon_part_6_will_you_just_fuck_off_now/,1522652277.0,688,0.96,98,CasualUK,jptoc
88vznc,"Marmite - holiday essential that shares the same status as hand cream, hairspray and shaving cream. Only in Britain.",,https://i.redd.it/45ieq1pjlep01.jpg,1522634839.0,567,0.98,48,CasualUK,Pop_Crackle
88ujv0,Special Delivery,,https://imgur.com/wr6oZvh,1522621404.0,119,0.99,18,CasualUK,Snow776
88tmz8,PSA: Make sure your alarm is off.,"So you can have a lie in, and then gave a bangin' fry up :D",https://www.reddit.com/r/CasualUK/comments/88tmz8/psa_make_sure_your_alarm_is_off/,1522613511.0,200,0.95,43,CasualUK,arabidopsis
88tl9h,"""The Beast"" from The Chase on Who Wants to be a Millionaire before he was famous.",[deleted],https://www.youtube.com/watch?v=Q_g7aeRI96Y,1522613112.0,95,0.95,22,CasualUK,[deleted]
88tae2,The British Phonetic Alphabet,"So I work in a busy UK call-center for a TV service provider. I'm a more experienced agent so one of my roles involves helping new starts get accustomed to dealing with people on the phone by listening in as they take their first few calls, and giving them pointers. A couple of weeks ago I'm helping this new guy. Nice guy and everything - very polite and such. He is nervous, it's his first call-center job. But nothing extreme, he isn't paralysed with fear. Just the usual first day jitters.

After he has listened to myself taking a few calls, we switch over head-sets and he prepares to take his first call. I explain to him that because we take calls from all over the UK, the most important piece of information we can get from the caller is their postcode. We can put their postcode into our system and check if there are currently any issues in that area. So it's best to try and get this early in the call - preferably as part of the opening greeting. He nods in agreement.

We wait for a few minutes before the first call comes in. When it does, the new agent's opening greeting is perfect and he asks for the caller's postcode right away. The only problem is that the caller is an irate Scouser, the natural enemy of the call-center agent, and it's not the greatest line connection in the world. So the postcode given by the caller is barely coherrent. I don't even catch it properly myself. The new agent puts the postcode into the checker, and to no surprise it returns ""not a valid postcode"" to us.

&amp;nbsp;

Me: ""OK, we have got the postcode wrong. So what we need to do now is repeat what we have back to the caller phonetically""



New-agent: ""I don't know the phonetic alphabet off by heart though.""

Me: ""That's fine - just use any word that fits with the letter. Use first names for example.""

&amp;nbsp;

New-agent: ""Sorry Sir but can I just read that postcode back to you.""

Caller: ""Sure""


New-agent: ""So that's A for Alan, B for Bobby, sixty-nine""

Caller: ""Yup""

New-agent: ""Then 4, C for Carol and N for... N for... ""

&amp;nbsp;

The agent pauses for a second. I watch his eyes look upwards as he racks his brain...

&amp;nbsp;

New-agent: ""And N for Nando's?"" 



",https://www.reddit.com/r/CasualUK/comments/88tae2/the_british_phonetic_alphabet/,1522610571.0,193,1.0,64,CasualUK,strawman83
88t80m,Worst superhero power ever,[deleted],https://i.imgur.com/7BN40B9.png,1522610020.0,888,0.97,21,CasualUK,[deleted]
88t7aw,Jaffa Cake Cake,,https://i.imgur.com/U9SQYKQ.jpg,1522609865.0,143,0.94,15,CasualUK,With_Lord_Lucan
88t5g5,British Parenting,,https://i.redd.it/8u7vjpl1icp01.jpg,1522609426.0,1143,0.92,72,CasualUK,Easypeaseee
88ssp5,I wanted more bun with my hot crosses,,https://imgur.com/8heUdEM,1522606537.0,61,0.97,2,CasualUK,thenoikz
88sp1f,"Went to the farm with the kids, the donkeys were looking a bit ruff",,https://i.redd.it/g3zclruz6cp01.jpg,1522605712.0,185,0.97,12,CasualUK,scruffymid
88seh2,World record?! ü§£,,https://i.redd.it/jxq9lbkvzbp01.jpg,1522603320.0,92,0.89,28,CasualUK,sweary_artist
88sdy1,This Stella can has stopped 3 cars from parking here in 5 minutes,,https://i.redd.it/oqcp195izbp01.jpg,1522603201.0,579,0.99,30,CasualUK,SaltyThoughts
88sdel,Rather happy with my roasties and Yorkshire puddings today,,https://i.redd.it/8g753pu4zbp01.jpg,1522603073.0,207,0.95,41,CasualUK,molehill
88s38p,Guy playing his guitar in a bin.,,https://i.redd.it/uj04v51wrbp01.jpg,1522600891.0,238,0.98,45,CasualUK,tomgun41
88s1ot,Easter is the best holiday of the year.,[deleted],https://www.reddit.com/r/CasualUK/comments/88s1ot/easter_is_the_best_holiday_of_the_year/,1522600536.0,57,0.96,15,CasualUK,[deleted]
88rwvd,"Well, they never mentioned THAT in the Bible",,https://i.redd.it/9qbocix7obp01.jpg,1522599424.0,501,0.98,15,CasualUK,bellyjabies
88r7r3,Rate my Sunday dinner,[deleted],https://i.redd.it/8gpcmyxl6bp01.jpg,1522593490.0,586,0.95,148,CasualUK,[deleted]
88qrek,Found a socket outlet on the back of a gravestone,,https://i.redd.it/lavpfkzftap01.jpg,1522589117.0,495,0.99,42,CasualUK,Jamesterjim
88qr6f,A group of British holiday makers returns from the beach in Magaluf,,https://i.redd.it/j5hwdbu3tap01.jpg,1522589064.0,1094,0.98,24,CasualUK,jaybloggs
88qeky,"Jesus Sky, keep it PG",,https://i.redd.it/9hx13anehap01.jpg,1522585058.0,120,0.96,18,CasualUK,Shay2K
88q7uu,"So close, Legoland",,https://i.redd.it/kjzb5mwy9ap01.jpg,1522582588.0,344,0.97,32,CasualUK,BauerUK
88q3yt,Happy 100 to the RAF!,"Happy 100 years to the RAF, and thanks to anyone here who has served!",https://www.reddit.com/r/CasualUK/comments/88q3yt/happy_100_to_the_raf/,1522581023.0,176,0.95,46,CasualUK,[deleted]
88q09k,"No, BBC. The answer is definitely no.",,https://i.imgur.com/GUrfHvV.jpg,1522579579.0,186,0.96,28,CasualUK,MattyFTM
88pji2,April fool megathread,Post / discuss April fools you see here. ,https://www.reddit.com/r/CasualUK/comments/88pji2/april_fool_megathread/,1522572461.0,61,0.92,77,CasualUK,GFoxtrot
88pcsw,He DOES look a bit pissed off,,https://imgur.com/a/1GrKv,1522569656.0,4407,0.94,79,CasualUK,[deleted]
88pa4q,One of these is not like the others,,https://m.imgur.com/a/VCmvb,1522568549.0,78,0.93,9,CasualUK,ENGERLUND
88oukz,Well we can't not pay for it,,https://www.historic-uk.com/HistoryUK/HistoryofEngland/The-Ceremony-of-Quit-Rents/,1522562673.0,85,0.96,22,CasualUK,ModeHopper
88mbj1,Can‚Äôt trust most media nowadays,,https://i.redd.it/ls7z1b32g6p01.jpg,1522536192.0,609,0.98,6,CasualUK,goofymfgoober
88m9rl,Genuinely Proud of Him.,,https://imgur.com/XuR98Su,1522535730.0,422,0.92,43,CasualUK,BlunderingBazookas
88m1qd,The big 57,,https://imgur.com/PT8c5Sb,1522533721.0,55,0.91,5,CasualUK,1mag1nary
88lmk7,"British Man, 21, arrested after 'downing ¬£850 shot and doing a runner' in Washington.",,http://metro.co.uk/2018/03/31/man-21-arrested-downing-850-shot-runner-7430919/,1522529912.0,64,0.98,49,CasualUK,miraoister
88lm6z,Kardashians on BBC 1?,,https://i.redd.it/t4laqtxax5p01.jpg,1522529822.0,105,0.79,10,CasualUK,RCrowt
88lguo,Every Brit while walking through any big town on a Bank Holiday,,https://i.redd.it/ymsz5d81t5p01.jpg,1522528508.0,446,0.98,18,CasualUK,adultnapped
88lern,Was tempted to click the top one,[deleted],https://i.redd.it/ss6ohgrur5p01.jpg,1522527995.0,83,0.89,18,CasualUK,[deleted]
88k7fq,Someone has been decorating my town's bollards with wool. Here's Shaun.,,https://imgur.com/a/aURrZ,1522517646.0,61,0.98,5,CasualUK,ASK_IF_IM_PENGUIN
88k1z4,Looking forward to this episode,[deleted],https://i.redd.it/xqleh5ams4p01.jpg,1522516209.0,222,0.95,7,CasualUK,[deleted]
88jnpl,Would anybody be interested in starting the CasualUK film club again?,"I've not been particularly active on the sub in the last few months but would love to get the film club up and running again

The rules are the film/documentary has to be on Netflix UK and that's it.

The choice with the most upvotes gets watched over a weekend and then we all discuss it the following week.

Anybody interested?",https://www.reddit.com/r/CasualUK/comments/88jnpl/would_anybody_be_interested_in_starting_the/,1522512836.0,115,0.98,53,CasualUK,HarryGoLocky
88iyxf,There is a monster working in Wall's PR department!,,https://i.imgur.com/0wXYTiL.jpg,1522506564.0,55,0.96,4,CasualUK,Steddy_Eddy
88it5q,Russian spy network hiding in plain sight.,[deleted],https://i.redd.it/ddd12hjav3p01.jpg,1522504969.0,83,0.99,8,CasualUK,[deleted]
88inf3,Does anyone else struggle to do anything nice with their Easter weekend because it‚Äôs like the official Do Something Nice weekend and everywhere is rammed?,[deleted],https://www.reddit.com/r/CasualUK/comments/88inf3/does_anyone_else_struggle_to_do_anything_nice/,1522503288.0,57,0.98,31,CasualUK,[deleted]
88ilod,Are we really this dumb?,,https://i.imgur.com/2UBNnWO.jpg,1522502742.0,100,0.89,43,CasualUK,cryptoturtle24
88ijl9,How to Make Tea,,https://i.imgur.com/C82ntm8.png,1522502080.0,164,0.95,18,CasualUK,Randomd0g
88idp7,Legend at south bank skating area,,https://gfycat.com/ElaborateMeaslyBilby,1522500159.0,286,0.94,20,CasualUK,CharlieDeee
88icvz,Council banter,,https://i.redd.it/vhxc3ud0g3p01.jpg,1522499879.0,67,0.94,9,CasualUK,[deleted]
88i14o,Local rag upset about post on here a few days ago,[deleted],https://i.redd.it/2i95rc7823p01.jpg,1522495449.0,64,0.97,21,CasualUK,[deleted]
88hnea,The master of disguise,,https://i.imgur.com/YcXhHe2.jpg,1522489401.0,550,0.97,33,CasualUK,[deleted]
88hj80,She wasnt herself because she was hungry,,https://i.redd.it/cztptqw9f2p01.jpg,1522487468.0,250,0.97,7,CasualUK,[deleted]
88h65m,Don‚Äôt we all..,,https://i.redd.it/ga0qhi4qx1p01.jpg,1522481525.0,335,0.96,12,CasualUK,[deleted]
88h58q,"PSA: Today is Saturday, not Sunday","I spent most of yesterday being confused about the lack of [premier league] football, and have just returned from a failed attempt to buy the Sunday papers. ",https://www.reddit.com/r/CasualUK/comments/88h58q/psa_today_is_saturday_not_sunday/,1522481128.0,1429,0.96,132,CasualUK,baaaaaaaaaaaaaaaaaab
88gzqu,CasualUK Citizenship 'Life in the UK' test questions,"I've been here a while, ask me your proposed questions and you can decide if I'm allowed to stay, based on my answers. ..

Edit: It's been fun. I hope you'll agree I'm the new greatest hope for the future of the country. Gonna go now and keep having my very British Easter. It's like Christmas but the weather's worse. Cheers!",https://www.reddit.com/r/CasualUK/comments/88gzqu/casualuk_citizenship_life_in_the_uk_test_questions/,1522478827.0,80,0.96,291,CasualUK,ComplianceRequired
88gs33,"To the fellow runners, walkers and cyclists I saw yesterday, whilst on the South Downs National Trail, I salute you. Your fortitude, persistence and Stoic outlook, make me proud of my Countrymen.",[deleted],https://i.redd.it/xisn9tcfg1p01.jpg,1522475752.0,232,0.94,32,CasualUK,[deleted]
88dyhg,When the audience on Jeremy Kyle are trashier than the guests,,https://i.imgur.com/cBTyHUQ.jpg,1522445825.0,174,0.93,38,CasualUK,scorchednickel
88dyh8,Anyone had a go on one of these yet? ¬£4.50 a tub so not going to buy one until it's confirmed nice.,,https://i.redd.it/34zxue2izyo01.jpg,1522445823.0,54,0.97,35,CasualUK,_Not-the-FBI_
88d6uo,First the strike now this...,[deleted],https://i.redd.it/9h5to3i4gyo01.jpg,1522439558.0,82,0.98,5,CasualUK,[deleted]
88cbw6,Happy Queen sad Queen.,[deleted],https://v.redd.it/tbtcdqqewxo01,1522432702.0,207,0.96,8,CasualUK,[deleted]
88bvcr,"Old Bank of England building, on the site of the beautiful and historic Dutch House (lost to the Blitz), Bristol, 2017",,https://i.redd.it/gybqp2l3mxo01.jpg,1522429194.0,132,0.98,9,CasualUK,lyzabth
88bnuu,I struggle to describe this image...,,https://i.redd.it/rttbylh8hxo01.jpg,1522427600.0,183,0.95,17,CasualUK,Ekauno
88bi24,One of the many reasons the NHS are amazing. Final wish granted as dog visits dying owner in hospital. I'm not crying you're crying.,,http://www.bbc.co.uk/news/uk-scotland-43595990,1522426322.0,98,0.9,22,CasualUK,chilli_addict_tech
88avos,Thank you from Canada,I'm hungover as balls right now and reading CasualUK on this fine morning has helped me not crawl into the canal and end it.  ,https://www.reddit.com/r/CasualUK/comments/88avos/thank_you_from_canada/,1522421327.0,83,0.95,13,CasualUK,digbychickencaesarVC
88avfo,"Just got back from a two hour walk along the canal, this was the highlight from it.",,https://i.imgur.com/YYPSRmp.jpg,1522421264.0,349,0.98,23,CasualUK,9DAN2
88aoyb,Never quite got the full set..,,https://i.redd.it/fd03lb1ltwo01.jpg,1522419768.0,283,0.97,33,CasualUK,JamesAndrewLane
88aldb,Got this in my change yesterday. It's a long way from home.,,https://i.redd.it/pnozxbhkrwo01.jpg,1522418933.0,338,0.98,28,CasualUK,C_von_Hotzendorf
88aiyy,This crossing is having the best day,,https://i.redd.it/xq6paknnpwo01.jpg,1522418353.0,57,0.98,9,CasualUK,calbatron
88ahqk,Just another day in Woking,[deleted],https://i.redd.it/omhlmy0wowo01.jpg,1522418027.0,84,0.97,18,CasualUK,[deleted]
88ablu,Castlerigg last night.,,https://imgur.com/fp3hMcx,1522416467.0,116,1.0,11,CasualUK,Mouthpump
889pz9,I mean how hard is it Sainsbury's? Who can't spell their own name.,,https://imgur.com/a/gYSI6,1522410105.0,126,0.97,19,CasualUK,[deleted]
889dsw,Sainsbury's going for a bold Easter message...,,https://i.redd.it/mb29m7y2ovo01.jpg,1522405736.0,404,0.99,7,CasualUK,beardless
8894jd,"It seems like some Americans hate us so much, they give us a 1 star review on Google!",[deleted],https://i.redd.it/4bm8wvhsdvo01.png,1522402207.0,67,0.96,50,CasualUK,[deleted]
8893bk,Text receiver from my uncle watching Masterchef- he's not far off,,https://i.redd.it/9t39hgi5cvo01.png,1522401692.0,121,0.92,23,CasualUK,itc0mesinwavesx
88928t,Is anyone else still traumatised by this film?,[deleted],https://i.redd.it/ntgzrvytavo01.jpg,1522401231.0,97,0.96,25,CasualUK,[deleted]
888zv2,Checks out,,https://i.redd.it/5rmrvahjqso01.jpg,1522400260.0,53,0.72,9,CasualUK,polishprocessors
888f57,PSA: If you want a lie in on a bank holiday it helps to turn your alarm off.,[deleted],https://www.reddit.com/r/CasualUK/comments/888f57/psa_if_you_want_a_lie_in_on_a_bank_holiday_it/,1522391805.0,151,0.94,49,CasualUK,[deleted]
887993,Reduced to 15p! Can't think why.,,https://i.redd.it/y8oepujqeto01.jpg,1522378392.0,53,0.96,11,CasualUK,[deleted]
8854x0,"In case you'd forgotten how to board a bus... Thanks, Arriva.",,https://i.redd.it/q9q2is3voro01.jpg,1522359119.0,116,0.98,23,CasualUK,[deleted]
88507r,Surprisingly delicious!,,https://i.imgur.com/LSzt5Ab.jpg,1522358060.0,96,0.95,21,CasualUK,spicerldn
884zpo,"Jesus, Wilko packaging text writer person, what did the germs do to you between the Wipes project and the Hand Soap project?",,https://imgur.com/KGAxlvt,1522357943.0,96,0.97,4,CasualUK,lagoon83
884q42,A gripping visit when in Durham,,https://i.redd.it/a5qfr7f0kro01.png,1522355864.0,860,0.99,54,CasualUK,cliveQ
883rcl,Come on Matty mate...,,https://i.imgur.com/utdXZa8.png,1522348674.0,139,0.98,35,CasualUK,Thev00d00
883i2o,A woman is having an in-depth text conversation with Starz TV about her pregnancy. This channel is bizarre.,[deleted],https://i.redd.it/q86auhbbtqo01.jpg,1522346867.0,89,0.99,14,CasualUK,[deleted]
883bsl,Just another day in Britain,[deleted],https://i.imgur.com/1WvUO1J.png,1522345621.0,332,1.0,5,CasualUK,[deleted]
882id5,This place comes well recommended,,https://m.imgur.com/ejjW8A2,1522339772.0,1118,0.99,4,CasualUK,[deleted]
8820c5,My first motorway stop. Hopefully my last.,,https://i.redd.it/oj0yzwd1xpo01.jpg,1522336025.0,85,0.94,49,CasualUK,EchoVixen
881vkj,Leeds Outdoor Market at its Leeds Outdoor Marketist,,https://i.imgur.com/xpk0jqx.jpg,1522335047.0,400,1.0,18,CasualUK,loudribs
881sjz,"Tesco, getting their priorities right",,https://i.imgur.com/piMK4wB.jpg,1522334440.0,2675,0.97,55,CasualUK,mrchillibeer
881j9l,"Cat bite marks on a Rich Tea biscuit, c2018",,https://i.redd.it/5466pephmpo01.jpg,1522332473.0,165,0.92,13,CasualUK,Kasparino
881avc,"Over a THIRD of Brits think that 'cryptocurrency' refers to funeral finance, a quarter of respondents thought that HTML is text-speak for ‚ÄòHi There My Love.‚Äô",[deleted],https://www.mirror.co.uk/tech/over-third-brits-think-cryptocurrency-12270563,1522330542.0,75,0.91,26,CasualUK,[deleted]
8817uh,"Dorset accent , the subtitles are perfect.",,https://youtu.be/sy9jsqbrJQE,1522329800.0,191,0.97,29,CasualUK,albosilge3
88166u,Anyone remember when these had 3 eggs,,https://i.redd.it/nzibhlscdpo01.jpg,1522329402.0,205,0.97,63,CasualUK,[deleted]
880j7m,I miss these. That's all.,[deleted],http://www.interempresas.net/FotosArtProductos/P7116.jpg,1522323206.0,153,0.94,20,CasualUK,[deleted]
880ie8,Was told to put up balloons for my 5 year old's party at the village hall,,https://i.redd.it/seldhrv6uoo01.jpg,1522322949.0,80,0.89,5,CasualUK,Sidthegeologist
87zvm2,All Hail Chris!,,http://www.bbc.co.uk/news/uk-england-york-north-yorkshire-35899023,1522315301.0,54,0.95,8,CasualUK,Aaronw94
87zq95,So this happened to my tenner... Is/was it fake? Pretty sure it just got washed at 40 then dried on a radiator unless someone's been quietly microwaving me.,,https://i.redd.it/20v2bibd1oo01.jpg,1522313267.0,107,0.98,24,CasualUK,[deleted]
87zob8,Every time I watch 'Escape to the Country',,https://i.redd.it/5w6c2216zno01.jpg,1522312556.0,1089,0.98,100,CasualUK,Plum111
87zf85,"Apart from swan, what else do you think the queen likes to snack on?",,https://i.redd.it/xusz8sc9pno01.jpg,1522309182.0,93,0.93,36,CasualUK,ChamberedSwatch
87z4zj,Vic is posting on Instagram about meeting celebs this morning.,,https://i.redd.it/oiksiz88eno01.jpg,1522305474.0,113,0.93,21,CasualUK,maximumquince
87x1er,Tube mice,,https://imgur.com/u84BzuJ,1522283541.0,71,0.98,15,CasualUK,neonraver
87x0ox,"People here talking as if they know the best morning cooking shows, I'l have you know I only watched the best culinary chefs growing up.",,https://i.redd.it/01h23sfhklo01.jpg,1522283370.0,202,0.95,38,CasualUK,StopHavingAnOpinion
87x0be,Nothing like a 4 days weekend to remind how lonely you are,,https://www.reddit.com/r/CasualUK/comments/87x0be/nothing_like_a_4_days_weekend_to_remind_how/,1522283281.0,57,0.96,40,CasualUK,hugokhf
87wtuk,Look what made it all the way to China,,https://i.redd.it/oa2lns3dflo01.jpg,1522281681.0,107,1.0,22,CasualUK,nated0ge
87w9nq,Iconic,,https://i.redd.it/oihgj5111lo01.jpg,1522276834.0,756,0.99,47,CasualUK,[deleted]
87vh9e,Who else used to love a bit of these two on a Saturday morning?,,https://i.redd.it/stvwdbfxhko01.jpg,1522270451.0,89,0.82,25,CasualUK,theslim_shadyreal
87vf6f,Who remembers these bad boys,[deleted],https://imgur.com/a/OTxS1,1522270023.0,267,0.98,67,CasualUK,[deleted]
87v3qw,My sis-in-law met Jonathan Ross at a charity awards thing a while back and discovered he has a surprisingly large face,,https://imgur.com/a/43Qoz,1522267721.0,81,0.9,13,CasualUK,thatcambridgebird
87v151,I'm bored waiting in A and E so I thought I'd post this picture of how if you fold over a fiver it looks like the Queen is looking at you through a little window,,https://i.redd.it/g90xic2h8ko01.jpg,1522267220.0,1320,0.98,56,CasualUK,allthesounds
87uq0m,Sweetest roast dinner I've ever seen!,,https://imgur.com/upyt6CF,1522264880.0,72,0.95,16,CasualUK,NearlyLegit
87ueit,"""Unidentified smackhead in the bagging area""",,https://i.redd.it/5x29wt1kujo01.jpg,1522262541.0,4120,0.95,344,CasualUK,thearguablepear
87u8cx,Poundland tweeted this on Sunday.,,https://i.redd.it/bdok818xqjo01.jpg,1522261315.0,234,0.96,30,CasualUK,[deleted]
87u5ye,Year 5 RE book. Apparently Americans celebrate Christmas by shooting guns and hanging pineapples off their doors,,https://i.redd.it/gzfn918jpjo01.jpg,1522260847.0,85,0.97,14,CasualUK,ed_menac
87shmd,At this time of year please spare a thought for the Cadbury social media team.,,https://twitter.com/JamieRoss7/status/978688257889366016,1522248510.0,130,0.96,48,CasualUK,DKatri
87saep,Harlow is a lovely town,,https://i.redd.it/kh1pdnw8kio01.jpg,1522246980.0,233,0.97,44,CasualUK,RandomLiam
87s7eg,Nottingham Castle's relics from the ancient times.,,https://i.imgur.com/uqg2NcW.jpg,1522246331.0,85,1.0,10,CasualUK,Dasnap
87rzxt,How? Just how?,,https://i.imgur.com/qw7atLT.jpg,1522244658.0,140,0.93,65,CasualUK,EinsteinsAura
87resv,Spotted at BHX. Can anyone decipher it?,,https://i.redd.it/ns3jtjsfxho01.png,1522239342.0,53,0.94,19,CasualUK,Shaodw
87rebm,Pet peeve of the day - Twats on trains,"Why do you get twats on trains that make a point of trying to be one of the first people off the train at a station, but then as soon as they're off the train they walk really fucking slowly and get in everyone's way. Move over cunts.  
  
Yes yes, name checks out etc etc. I find I have a different pet peeve every day. Maybe I should start serialising them or even drawing cartoons, or possibly speak to a therapist.  
  
What is your current pet peeve?",https://www.reddit.com/r/CasualUK/comments/87rebm/pet_peeve_of_the_day_twats_on_trains/,1522239224.0,179,0.95,180,CasualUK,GrumpyYoungGit
87r6ey,Morrison's trying to incite gang warfare,,https://i.imgur.com/wZKpsHI.jpg,1522236981.0,1805,0.97,36,CasualUK,down_vote_magnet
87qymw,The roads in Bedford aren‚Äôt great...,,http://www.bbc.co.uk/news/uk-england-beds-bucks-herts-43504328,1522234523.0,57,0.96,43,CasualUK,[deleted]
87qo3c,Hello BBC North East reporters,"Nice to see you lurking our sub looking for ideas like this one!

https://m.facebook.com/story.php?story_fbid=1680078935406520&amp;id=100978706649892



",https://www.reddit.com/r/CasualUK/comments/87qo3c/hello_bbc_north_east_reporters/,1522231088.0,75,0.96,28,CasualUK,onetruebipolarbear
87qhei,My colleagues need to learn some buttering etiquette.,,https://imgur.com/28fxYOg,1522228512.0,1491,0.97,148,CasualUK,sheepdo6
87q5y7,I finally paid off all my student loans today. I could have done it years ago but SLC/Erudio are such an incompetent shower of shits I strung them along for way longer than I needed to.,"I graduated 18 years ago! 

I spent YEARS alternately claiming I'd deferred, asking for a deferment form, and claiming I'd sent the deferment form in. They are so unbelievably disorganised and incompetent, and clearly none of their employees gives a shit, that I could have just done this forever.

I didn't though. I've paid it off now.",https://www.reddit.com/r/CasualUK/comments/87q5y7/i_finally_paid_off_all_my_student_loans_today_i/,1522224241.0,67,0.91,56,CasualUK,mrsfran
87q1k6,Google is celebrating the woman that brought us the Yorkshire pudding.,www.google.co.uk,https://www.reddit.com/r/CasualUK/comments/87q1k6/google_is_celebrating_the_woman_that_brought_us/,1522222560.0,441,0.98,55,CasualUK,euroclives
87mvh7,The guy who invented walkie talkies should have named everything.,,https://imgur.com/3RNGYt5,1522190448.0,640,0.97,37,CasualUK,iHeartMila
87mkjm,Fucking potholes,,https://i.redd.it/ybkrfarmodo01.jpg,1522187902.0,1382,0.98,46,CasualUK,KCat17
87mk5s,What other daytime TV shows can we turn into pornos?,,https://imgur.com/bHTzjwI,1522187819.0,162,0.99,54,CasualUK,loosefred
87le6f,Drip watch - 2 months on.,,https://imgur.com/4j6wECA,1522179283.0,117,0.98,10,CasualUK,suexo
87l9a7,TFW you mistype your destination on the satnav...,,https://i.redd.it/igluizmytco01.jpg,1522178361.0,2547,0.97,116,CasualUK,NotoriousREV
87kfsw,Spotted at Gatwick. It looks so lonely :(,,https://i.redd.it/jhyj3053fco01.jpg,1522172588.0,152,0.98,17,CasualUK,Mirdan
87jqpl,Found on a local Facebook group.,,https://i.redd.it/wbkh8c9f0co01.jpg,1522167676.0,348,0.96,47,CasualUK,Diatzen
87iw7s,The NHS urgently needs O- and B- blood donors,,https://www.blood.co.uk/,1522161328.0,135,0.99,172,CasualUK,PM_ME_CAT_TOES
87i649,"The 2018 Drinking League Tables are out, how did you do?",[deleted],https://i.redd.it/o5gldncczao01.jpg,1522155200.0,103,0.95,78,CasualUK,[deleted]
87hn2q,I always do,,https://i.imgur.com/bpXJtLM.jpg,1522150089.0,66,0.85,4,CasualUK,Ickyo
87gyyj,The most important currency in my old primary school,,https://i.imgur.com/3YVUgd0.jpg,1522141872.0,3266,0.94,165,CasualUK,TopTrumpWANKER
87gydj,Which UK tv show have you appeared on &amp; why?,"I was on Dick and Dom in da bungelow when i was 6- don't remember a whole lot from it apart from it being a long long day.

My brother got his own Look North segement about how a festival he was going to got cancelled. It was 1 of the sky news anchors who he met with. Still has her number

My mum was on supermarket sweep- my mum nailed it, her mate fucked up collecting the eggs and cost them. They are still best mates 20 years later so no harm done

Anyone else for a more exciting tale of their TV stardom? 

",https://www.reddit.com/r/CasualUK/comments/87gydj/which_uk_tv_show_have_you_appeared_on_why/,1522141670.0,128,0.96,232,CasualUK,wobbytheman
87gydi,/r/CasualUK donates money to charity - THE VOTE!,"Good morning all, and a big thank you to everyone who nominated and voted on charities to be the official /r/CasualUK charity for the next three months.

The top ten nominees have been advanced to the next stage, so without further ado, please submit your votes on [THIS STRAW POLL LINK](https://www.strawpoll.me/15372044).

Please see the nomination thread (linked at the bottom) to remind yourselves of what these charities are all about.

Voting will remain open until Sunday 1st April, at which point we will post the donation page for the winning charity.


__________________________________________________ 
**A reminder of the idea and the rules** 
 
- We are going to donate money to a chosen charity every quarter. 1st April, 1st July, 1st September, 1st December. 
 
- The charity will be chosen each quarter by yourselves. If charity A is chosen for April, charity A may not be eligible until the following year, to ensure that a different charity receives donations each quarter. 
 

 
- **It must be a registered charity** and It must be UK based. 
 
- The top ten nominations (decided by upvotes) will then go into a strawpoll where we determine the overall winner. Once we have a winner for that quarter, we will create a JustGiving page and have a final thread for donations.  
 
- If you wish to donate to that particular charity, please give whatever you feel comfortable with but as a guideline, we think it would be fantastic if we could donate the cost of a pint in our local.
  


__________________________________________________   

[Original thread](https://www.reddit.com/r/CasualUK/comments/86aif7/interest_thread_rcasualuk_is_up_to_some_good/). 

[Nomination thread](https://www.reddit.com/r/CasualUK/comments/86jv8e/rcasualuk_donates_money_to_charity/)
 

",https://www.reddit.com/r/CasualUK/comments/87gydi/rcasualuk_donates_money_to_charity_the_vote/,1522141670.0,64,0.93,27,CasualUK,joethesaint
87gt7v,"It's Nice to See That in 700 Years, English Humour Hasn't Changed",[deleted],https://en.m.wikipedia.org/wiki/Roger_Fuckebythenavele,1522139722.0,171,0.97,14,CasualUK,[deleted]
87dt87,"Alright folks, was this justified?","Spotted some random person this afternoon get out of their brand spanking new 4x4 car, and watched as they took a piece of chewing gum out of their mouth and tossed it on the ground. 

When they were gone, I took a page from my notebook and wrote on it words to the effect of ""you dropped something"", picked up the chewing gum and stuck the note onto the windscreen of their car using the gum.

Now I'm not sure whether or not that was totally fair. Thoughts? What would you have done?",https://www.reddit.com/r/CasualUK/comments/87dt87/alright_folks_was_this_justified/,1522107456.0,124,0.94,59,CasualUK,Sockbocks
87dk5h,Fantastic Mr Fox snatches wallet,,https://gfycat.com/ShowyGivingAsianlion,1522105261.0,669,0.99,37,CasualUK,Greg1987
87cxa8,Found your dad's local,,https://imgur.com/kdRd0eK,1522099998.0,280,0.98,14,CasualUK,SirAelic
87cqve,The new passport made in France looks great!,[deleted],https://i.imgur.com/YRH76Rh.jpg,1522098569.0,578,0.94,48,CasualUK,[deleted]
87bk6h,My friend had a bit of a ‚Äòmare when buying milk,[deleted],https://www.reddit.com/r/CasualUK/comments/87bk6h/my_friend_had_a_bit_of_a_mare_when_buying_milk/,1522089840.0,115,1.0,35,CasualUK,[deleted]
87bd3e,Adding something a little different to ordinary milk to my cup of tea. This is my idea of an exciting night in.,,https://i.imgur.com/3wrYy2u.jpg,1522088414.0,63,0.88,30,CasualUK,9DAN2
87aqh4,"Hey Casual, I've been accepted for college.","Didn't know who else to tell because well, no one cares. So thought I would share with you all.

City and guilds level 2 in engineering. 

Pretty stoked haven't been to school in 13 years. 

The only issue outstanding is they need minimum numbers to run it in September! ",https://www.reddit.com/r/CasualUK/comments/87aqh4/hey_casual_ive_been_accepted_for_college/,1522083762.0,164,0.95,44,CasualUK,X573ngy
87aa7u,Devon this morning,,https://i.redd.it/9ji8tbu5t4o01.jpg,1522080465.0,149,0.99,17,CasualUK,you-just-readit
879lgx,Countdown earlier,[deleted],https://i.redd.it/4l5w7ldad4o01.jpg,1522075167.0,603,0.98,81,CasualUK,[deleted]
878vxw,Good question Barry.,[deleted],https://i.redd.it/ci2vi4w7v3o01.jpg,1522069047.0,521,0.99,40,CasualUK,[deleted]
878udg,Must've gone for a sunday spin,,http://imgur.com/eDKKJao,1522068653.0,208,0.98,27,CasualUK,Usernamenumbre654
878o0w,While we're on the subject of classic carrier bags of the UK...,,https://i.redd.it/xulgm26wo3o01.jpg,1522066926.0,86,0.95,14,CasualUK,badgerfishnew
878iuv,Bumblebee!,[deleted],https://i.imgur.com/MRarRrN.jpg,1522065493.0,105,0.97,15,CasualUK,[deleted]
878ett,Really?! Do you *really* need that much room?,,https://i.redd.it/drurd3kpg3o01.jpg,1522064171.0,104,0.96,40,CasualUK,EchoVixen
8785a6,"The Northern-Irish PhD student in our office went home for the weekend, here's what they left next to their desk this morning",,https://i.redd.it/mjnv3p0773o01.jpg,1522060968.0,76,0.97,15,CasualUK,Hyphenater
877zcr,Just wanted to say thank you,"So I posted yesterday that I was running the London Landmarks Half Marathon for Mind, the mental health charity. I had no idea, while I was doing the actual run, that someone I knew linked my Just Giving page in the comments, and by the time I'd finished (and for the rest of the day) my post had blown up, reached r/all, and donations had come in like the clappers. I had people wish me well, share their own histories and reach out to me an extended thanks for people that need help with their mental health. 

Thanks to everyone on Reddit that upvoted, and commented (and the mods for keeping the thread in check): the post went semi viral and the online donations tripled in a matter of hours. And of course, thank you to everyone that donated, too. I tried my best to say thanks to everyone but some were anonymous, so this is my ""thank you"" if you're reading. For anyone that's interested, I set a goal of ¬£500, but that was completely smashed - combining online with my offline (cash) donations, I have raised over ¬£1000 that has already gone to the charity. 

Sometimes the Internet can be vile, and other times it can be a really nice place. I don't ever expect this to happen again, but it has touched me too. I will be running another half in June for Great Ormond Street Hospital and this situation has inspired me to do even better next time with the fundraising.

Thank you all so much. ",https://www.reddit.com/r/CasualUK/comments/877zcr/just_wanted_to_say_thank_you/,1522058906.0,436,0.97,54,CasualUK,faithlessMia
877qoi,Houses Built Today Are 42% Smaller Than Houses Built in the 70s,[deleted],https://www.labcwarranty.co.uk/blog/are-britain-s-houses-getting-smaller-new-data/,1522055530.0,64,0.95,105,CasualUK,[deleted]
877lxd,This would explain a lot about Southampton,,https://i.imgur.com/fDeCKKs.jpg,1522053691.0,296,0.98,47,CasualUK,[deleted]
877g4d,Pothole's first birthday!,,https://i.redd.it/yzuuhiiye2o01.png,1522051473.0,7706,0.97,112,CasualUK,mikimoo9
874edr,Tempting.,[deleted],https://i.redd.it/c5tbqoeenzn01.jpg,1522017992.0,93,0.99,15,CasualUK,[deleted]
873fbi,Who said investigative police work was dead?,,https://i.imgur.com/N1lnjus.jpg,1522009394.0,52,0.96,8,CasualUK,brightonchris
87319x,Found this fossil today.,,https://i.redd.it/cehv5rswnyn01.jpg,1522006057.0,275,0.96,31,CasualUK,Space_Pilot_2000
872onz,My friend visited the kelpies yesterday and got this wonderful photo...,,https://i.redd.it/l1yg88i4fyn01.png,1522003102.0,266,0.98,24,CasualUK,MatthewQuantum
872io2,Everybody: Avengers Infinity War is the most ambitious crossover ever ... Me:,,https://i.redd.it/1pp7g5xsayn01.jpg,1522001647.0,75,0.91,18,CasualUK,sahymuhn
872ggh,This guy was spotted a couple of miles from my house this morning.,,https://imgur.com/GU8eXjX,1522001136.0,87,0.95,13,CasualUK,HPB
872eg8,Can we all take a moment to appreciate that it‚Äôs 7pm and still bright outside,,https://www.reddit.com/r/CasualUK/comments/872eg8/can_we_all_take_a_moment_to_appreciate_that_its/,1522000688.0,884,0.98,102,CasualUK,iMac_Hunt
872dwi,He‚Äôs not wrong,,https://i.redd.it/fn3ioaai7yn01.jpg,1522000540.0,4206,0.97,145,CasualUK,PowPowDench
87281n,What is it with every local chippy thinking they need a monstrosity of a box now. Anyone else top this?,,https://i.redd.it/qwyi9h183yn01.png,1521999165.0,182,0.99,122,CasualUK,BenitoBro
871jq9,"Snow last weekend, sunny today... what's next?!",,https://i.redd.it/neljsq36mxn01.jpg,1521993362.0,331,0.98,18,CasualUK,anetarrr
871em6,Morrison‚Äôs have Easter crackers in case you haven‚Äôt got yours yet,,https://i.redd.it/cov37mxbixn01.jpg,1521992073.0,117,0.96,39,CasualUK,BauerUK
87128p,Pub?,,https://i.redd.it/19emyzxk8xn01.jpg,1521988793.0,1344,0.99,27,CasualUK,sunburnedtourist
870xyi,Mike Oldfield‚Äôs poorly received other sequel is now on sale in Poundworld!,,https://i.redd.it/sqwuuw5x4xn01.jpg,1521987564.0,236,0.96,5,CasualUK,mardypig
870egc,How you know you are up North,,https://imgur.com/izD3A7Z,1521981137.0,62,0.86,15,CasualUK,av607
870ebh,Stewart Lee - American Stand Up Comedians,,https://www.youtube.com/watch?v=9fewYw4g7bk,1521981081.0,50,0.84,26,CasualUK,[deleted]
8700ql,Been in your country for about 2 hours now. Already in awe.,,https://i.redd.it/7fwgop1e4wn01.jpg,1521975282.0,116,0.93,58,CasualUK,binthewin
86zte5,What's with the current obsession with gin?,[deleted],https://www.reddit.com/r/CasualUK/comments/86zte5/whats_with_the_current_obsession_with_gin/,1521971638.0,129,0.97,111,CasualUK,[deleted]
86zl70,Spotted in a French supermarket,,https://i.redd.it/mp4qx8pngvn01.jpg,1521967300.0,165,0.97,27,CasualUK,MellotronSymphony
86zkvb,Ready for the London Landmarks Half Marathon! I am running for Mind.,[deleted],https://i.redd.it/wv443aeqfvn01.jpg,1521967140.0,4087,0.85,325,CasualUK,[deleted]
86zbek,Motorway Service Stations - why are you selling these?,,https://imgur.com/a/SptPS,1521962516.0,61,0.94,18,CasualUK,[deleted]
86xw0k,Saw a police car driving in the middle lane of an empty motorway and briefly lost all faith in humanity. Turns out it was flashing a taxi in front to make them move out of the middle lane. Never seen a more beautiful sight.,[deleted],https://www.reddit.com/r/CasualUK/comments/86xw0k/saw_a_police_car_driving_in_the_middle_lane_of_an/,1521943927.0,86,0.96,22,CasualUK,[deleted]
86w3gh,What are your memories of primary school?,[deleted],https://www.reddit.com/r/CasualUK/comments/86w3gh/what_are_your_memories_of_primary_school/,1521926479.0,58,0.93,98,CasualUK,[deleted]
86vh3a,Asda are selling tribute acts now.,,https://i.redd.it/naa8zc0nmrn01.jpg,1521920881.0,129,0.89,3,CasualUK,[deleted]
86vc3w,Chris Eubank has written a book about Ethics.,"If it sells well, he is going to write a book about Kent too. ",https://www.reddit.com/r/CasualUK/comments/86vc3w/chris_eubank_has_written_a_book_about_ethics/,1521919642.0,101,0.95,8,CasualUK,[deleted]
86vbwh,This can't be real...,,https://i.redd.it/469y55ssirn01.jpg,1521919587.0,319,0.93,27,CasualUK,never-off
86v5eb,"I just wanted to give a quick shout out to the real hero's of the supermarket who let those of us with a couple of items ""go ahead"" of their weekly shop on the belt.","I forgot my lunch at work today and the nearest shop is Aldi.  The place was packed and all I wanted was a can of coke and a pastie.   
The lady in the queue I joined let me go ahead of her whilst she continued to unload her weekly shop.  
I love you lady.  
I love pasties.",https://www.reddit.com/r/CasualUK/comments/86v5eb/i_just_wanted_to_give_a_quick_shout_out_to_the/,1521918012.0,276,0.98,46,CasualUK,youessbee
86upye,I'm not a vet but .....,,https://i.imgur.com/aGrdFAx.jpg,1521914326.0,181,0.99,32,CasualUK,Racquethead
86uomh,A decision was made here.,,https://i.redd.it/0sighsv22rn01.jpg,1521914006.0,65,0.9,12,CasualUK,Ginge04
86uic9,Stagecoach budget cuts,,https://i.redd.it/y5yy0p7nxqn01.png,1521912474.0,50,0.95,11,CasualUK,MelancholyAdventure
86ue88,Actual blue sky spotted above Cumbria.,,https://imgur.com/QdkT9t2,1521911436.0,131,0.99,11,CasualUK,Emsicals
86u2r2,Chinese gangs in Liverpool get ready to battle in dance over a territory dispute.,,http://imgur.com/F3hJJ8T,1521908605.0,59,0.93,3,CasualUK,chilli_addict_tech
86trpj,Meme star Harold visits Manchester,,https://www.facebook.com/officialdugout/videos/2063008273975584/,1521905793.0,154,0.94,14,CasualUK,ohrotcod
86tmt1,Has anyone else noticed this creepy little bastard at Maccy D's? None of your fucking business you moustache twat.,,https://imgur.com/9P0wE37,1521904506.0,52,0.94,9,CasualUK,NoGlzy
86tcpb,Modern headlights 'blinding drivers',,http://www.bbc.com/news/uk-43525525,1521901828.0,69,0.97,44,CasualUK,Blurandski
86t8w8,Seen in Tkmaxx,,https://i.redd.it/tlg66o4typn01.jpg,1521900762.0,164,0.97,19,CasualUK,CallMeCurious
86suss,Virgin Trains have a gift for understatement...,,https://imgur.com/dhuwR1e,1521896320.0,204,0.99,36,CasualUK,fireball_73
86sog9,"PSA: Don't forget to put your clocks forward 1 hour at 1am tomorrow morning, Sunday March 25th.","* William Willett pioneered the idea of British Summer Time in 1907 through a pamphlet entitled ‚ÄúA Waste of Daylight‚Äù advising countrymen to get up earlier.

* Willett was a keen golfer who was frustrated by having his games cut short by nightfall.

* British Parliament blocked his idea, however, and Willett died at age 58 in 1915 without ever seeing his idea come to fruition.

* Willett is also the great-great-grandfather of Coldplay singer Chris Martin.

* The First World War made the issue of daylight more important because of the need to save coal.

* Iceland, Belarus and Russia are the only European countries to opt out of this system and instead remain on the same time all year round.

* In 1968 Britain entered a three-year experiment, confusingly called British Standard Time. 

* The country ran one hour ahead of Greenwich until 1971.

* An easy way to remember if the clocks go backwards or forwards is the mantra: Spring Back, Fall Over.
",https://www.reddit.com/r/CasualUK/comments/86sog9/psa_dont_forget_to_put_your_clocks_forward_1_hour/,1521894017.0,54,0.96,55,CasualUK,[deleted]
86siyn,There's a joke in this somewhere...,,https://i.redd.it/s7vnm6yg8pn01.jpg,1521891899.0,68,0.87,13,CasualUK,never-off
86sd62,Red Kite perched and calling in our housing estate.,,https://v.redd.it/vxdiwhes0pn01,1521889442.0,62,0.95,19,CasualUK,[deleted]
86s481,"Right Sainsbury's, now you just sound suspicious...",,https://vgy.me/TRAzbA.jpg,1521885276.0,15585,0.96,457,CasualUK,Eliteclarity
86q9ew,Just came across this brilliant Q&amp;A answer on a TV i was looking at,,https://i.imgur.com/MUXAJMA.jpg,1521858842.0,345,0.99,19,CasualUK,_USERNAME-REDACTED_
86nv7o,When Amazon doesn't get a Ken Dodd joke...,,https://i.imgur.com/f3vwPjL.jpg,1521837009.0,144,0.99,14,CasualUK,Hassaan18
86ngok,So this is why Letting Agents are everywhere,,https://i.redd.it/hwh57ulqfkn01.jpg,1521833848.0,74,0.95,37,CasualUK,shiftynightworker
86nelm,Biggest security threat to van: The Munchies,,https://i.redd.it/wusz2kphekn01.jpg,1521833390.0,156,0.99,7,CasualUK,Marilliana
86lgxi,My garden got invaded,,https://i.imgur.com/IeXGxUf.jpg,1521818677.0,111,0.98,19,CasualUK,Nicksaurus
86lb2u,I think they got the 8/10 cats does countdown and regular countdown conundrum mixed up.,,https://i.redd.it/84zauilv2jn01.jpg,1521817386.0,259,0.99,21,CasualUK,onthelatch
86kmvd,"My friend went missing on a stag do in Portugal, We had this waiting in the morning...",,https://i.imgur.com/GlaZGXo.png,1521811896.0,19451,0.95,324,CasualUK,Gandeh
86kkt9,"Has anyone else been hosting an amphibious sex party? I‚Äôve been cheering them on whilst doing the washing up everyday, maybe I cheered too hard.....",,https://i.redd.it/tp61wnkxkin01.jpg,1521811355.0,133,0.99,19,CasualUK,sdeeps
86kjjr,Fuck off cunts.,,https://i.redd.it/3g64j3kzjin01.jpg,1521811025.0,1635,0.97,61,CasualUK,Jordanbvb09
86k1h1,On the side of a chemists van where heroin addict‚Äôs go for their methadone,,https://i.redd.it/dnc7cjxk5in01.jpg,1521806181.0,63,0.91,10,CasualUK,ThegreatestPj
86jxnm,When your energy provider overestimates your daily usage...,,https://i.redd.it/h3wvu25m1in01.png,1521804910.0,122,0.99,21,CasualUK,vbloke
86jv8e,/r/CasualUK donates money to charity!,"[Original thread](https://www.reddit.com/r/CasualUK/comments/86aif7/interest_thread_rcasualuk_is_up_to_some_good/). 
 
Some fantastic feedback and some very generous people on this subreddit! Reddit often gets a bad press but I think that all of us can change that and do some wonderful things for some wonderful charities.
__________________________________________________ 
**The idea and the rules** 
 
- We are going to donate money to a chosen charity every quarter. 1st April, 1st July, 1st September, 1st December. 
 
- The charity will be chosen each quarter by yourselves. If charity A is chosen for April, charity A may not be eligible until the following year, to ensure that a different charity receives donations each quarter. 
 
- Please use this thread to nominate your chosen charities. Please include a few lines to explain why this charity is important to you. Please also provide a link to the charity.  
 
- **It must be a registered charity** and It must be UK based. 
 
- The top ten nominations (decided by upvotes) will then go into a strawpoll where we determine the overall winner. Once we have a winner for that quarter, we will create a JustGiving page and have a final thread for donations.  
 
- If you wish to donate to that particular charity, please give whatever you feel comfortable with but as a guideline, we think it would be fantastic if we could donate the cost of a pint in our local.
  
- **Please no debating the rights / wrongs of a particular charity.** 
 
- This thread will remain up until the end of **Monday 26th March** when we will do the strawpoll thread.
__________________________________________________ 
 
Questions / thoughts / concerns?",https://www.reddit.com/r/CasualUK/comments/86jv8e/rcasualuk_donates_money_to_charity/,1521804087.0,89,0.94,85,CasualUK,[deleted]
86jsu5,When a designer has been watching episodes of Red Dwarf for dorm room ideas. Found in r/cyberpunk,,https://cdna.artstation.com/p/assets/images/images/009/623/754/large/jarlan-perez-room-04.jpg,1521803277.0,407,0.98,32,CasualUK,chilli_addict_tech
86jprm,[NSFW] Welly boot wanker,,https://i.imgur.com/Dshy75d.jpg,1521802267.0,114,0.97,26,CasualUK,undercovergiant
ek3638,"in A&amp;E with the girlfriend for 5 hours, just been presented with this plus sized lotus pack as a token that we are halfway through the queue to being seen. silver lining. my knee and a cup of tea for scale.",,https://imgur.com/lx0h5L8,1578174939.0,172,0.95,43,CasualUK,leonthedude1
ek30ct,Eddie Hall attempts to impress Philip Schofield.,,https://imgur.com/0kE8S4E.gifv,1578174252.0,141,0.96,20,CasualUK,Kimosabbe
ek2br9,About the time of year the tits start coming out again,,https://i.redd.it/5ed30kmxrt841.jpg,1578171282.0,700,0.99,61,CasualUK,9pat9
ek1ipz,A grand day out at the RAF museum at Cosford. Free entry!,,https://i.redd.it/n80xdneiht841.jpg,1578167767.0,250,0.99,30,CasualUK,lordofcrisps
ek0ggi,Saturday Night fun: Wallace &amp; Gromit: The Wrong Trousers with an orchestra in Lincoln Cathedral,,https://i.redd.it/k9gnlovl3t841.jpg,1578163095.0,6100,0.98,138,CasualUK,SonOfRinteln
ejz1zr,Felt like I was being ganged up on by the farmyard bullies!,,https://i.redd.it/vwh5hauils841.jpg,1578157017.0,99,1.0,22,CasualUK,[deleted]
ejyzfx,"View from the top of Malham Cove, Yorkshire Dales, on New Year‚Äôs Day.",,https://i.redd.it/3j3g6snkks841.jpg,1578156693.0,171,0.98,19,CasualUK,signalstonoise88
ejytd8,"Kinder Scout reflected in Kinder Reservoir, Derbyshire.",,https://i.redd.it/w2kdlbabis841.jpg,1578155935.0,189,0.99,4,CasualUK,papapikey
ejyach,Bit of local history spotted after a pub lunch,,https://imgur.com/uYoDkyo,1578153479.0,135,0.96,9,CasualUK,Morality_Vacuum
ejy1vk,A moment of silence for the unfortunate soul that lost ¬£3 doubling the pain of getting ripped off for their GWR train ticket.,,https://i.redd.it/e1ooewij7s841.jpg,1578152307.0,128,0.99,15,CasualUK,Sarobe
ejxvjm,Everyday we make a choice...,,https://i.redd.it/1x4jlr1w4s841.jpg,1578151416.0,122,0.99,19,CasualUK,KayPet
ejxopr,"Spotted outside a butchers in Barnard Castle, bit cheesy but I enjoyed it.",,https://i.redd.it/xmgj8r922s841.jpg,1578150466.0,132,0.86,19,CasualUK,Amnesiablo
ejxnig,Takes decorations down. Puts decorations box away. Sits down. ‚ÄúFuck.‚Äù,,https://i.redd.it/a4q3ixoj1s841.jpg,1578150292.0,93,0.97,8,CasualUK,harmallama
ejxlja,This abomination of a pizza my girlfriend's ordered. Anyone seen any worse than this?,,https://i.redd.it/v4j5qwsp0s841.png,1578150013.0,161,0.96,90,CasualUK,Raregan
ejxep1,The Peak District is beautiful even in bad weather!,,https://i.redd.it/vc4ivj6qxr841.jpg,1578149009.0,206,0.99,26,CasualUK,rbasi02
ejx8br,American discovers Wetherspoons,,https://twitter.com/sophiasgaler/status/1213403037617840129?s=20,1578148055.0,188,0.95,66,CasualUK,baodur086
ejwvk1,Fenton,,https://i.imgur.com/Iw1lq87.jpg,1578146017.0,1442,0.99,46,CasualUK,azinza
ejwv99,Pigeons aren‚Äôt pests.,,https://i.redd.it/ekldl05oor841.jpg,1578145961.0,83,0.96,23,CasualUK,I-love-refrigerators
ejwmr9,The Christmas tree got its final revenge. Bastard.,,https://i.redd.it/ngicgaobkr841.jpg,1578144503.0,864,0.99,72,CasualUK,sugarringdoughnut
ejwjao,The most festive card I received this Christmas,,https://i.redd.it/tdgjycdgir841.jpg,1578143876.0,431,0.99,32,CasualUK,fishman47
ejwd5u,No-one can quite believe how big the lounge looks now the Christmas decorations are away,,https://www.reddit.com/r/CasualUK/comments/ejwd5u/noone_can_quite_believe_how_big_the_lounge_looks/,1578142781.0,164,0.99,15,CasualUK,custardy_cream
ejw7vl,Spotted on Barry Road no less. This is as beautifully British as it gets.,,https://i.redd.it/exn45949cr841.jpg,1578141793.0,138,0.95,11,CasualUK,Mludlam
ejw0do,Near Devils Bridge in Wales,[deleted],https://i.redd.it/a5updn8x7r841.jpg,1578140328.0,109,0.99,6,CasualUK,[deleted]
ejvs1m,Flipping the Cadbury's Freddo&amp; Friends Choc lid looks like a Crime Scens,,https://i.redd.it/hlsmlghx2r841.jpg,1578138660.0,90,0.98,0,CasualUK,GrappleSyrup
ejvo9s,Sod the Banana taped on a wall this is art.,,https://i.redd.it/diyujmxq0r841.jpg,1578137923.0,142,0.95,9,CasualUK,locutus92
ejvj8k,Worst kebab ever!,,https://i.redd.it/iq8jn8wpxq841.jpg,1578136896.0,199,0.92,55,CasualUK,smell1s
ejva3p,"Hello, I've created a sub called r/beautifulbritain, for posting photos of beautiful scenery and wildlife around the UK. Hope you enjoy and partake. Below is a shot from my St Pancras bound train of the frosty North Downs this morning.",,https://i.redd.it/osfixa0esq841.jpg,1578135107.0,121,0.94,8,CasualUK,mrspea84
ejv8bd,Derek Acorah has passed away. But the placement of that promoted tweet made me spit my tea out,,https://i.redd.it/vtcljh2drq841.jpg,1578134759.0,141,0.97,52,CasualUK,the_heff
ejv0i1,"Has anyone ever ""seen it, said it and sorted it?""","I saw a man eating a Greggs sausage roll by pulling it apart, and it got me thinking.",https://www.reddit.com/r/CasualUK/comments/ejv0i1/has_anyone_ever_seen_it_said_it_and_sorted_it/,1578133122.0,62,0.93,27,CasualUK,masterpharos
ejuc4k,"Derwent Reservoir, Peak District.",,https://i.redd.it/k1zby87u7q841.jpg,1578128201.0,20121,0.97,393,CasualUK,TDL_501
eju5t2,Very causal for the UK.,[deleted],https://v.redd.it/57xrxybgml841,1578126944.0,292,0.93,68,CasualUK,[deleted]
ejtkx6,"I ordered a Derek Acorah celebrity video message as a joke for my sister, and it hasn't arrived yet. If it was another celeb, I'd be worried, but I'm sure he'll come through once things have settled down for him!",,https://i.redd.it/ekyo68tcsp841.jpg,1578122986.0,197,0.95,61,CasualUK,mrspea84
ejodqr,New Year's camping in the Highlands.,,https://i.redd.it/66duzozqmn841.jpg,1578096893.0,100,0.99,19,CasualUK,thefooby
ejnf35,Went to find my childhood fudge shop when I was in Scarborough for the holidays and found it populated by all this!,,https://i.redd.it/rgbhdij9an841.jpg,1578092695.0,103,1.0,35,CasualUK,MadCatter96
ejlwht,Is there a better feeling than getting on a totally empty bus and completing the journey with no stops,,https://i.redd.it/o2ij4srwqm841.jpg,1578086186.0,387,0.99,46,CasualUK,Crusader_jews
ejk58m,I couldnt find a best before on this advocaat. Sure it will be fine after a quick shake,,https://i.redd.it/jynaxcpg5m841.jpg,1578078967.0,96,0.96,22,CasualUK,chris2618
ejjz7r,Wonderful Worcester,,https://i.redd.it/teveia9e3m841.jpg,1578078278.0,61,0.91,5,CasualUK,napoleond74
ejjz2f,PSA. John Lewis are selling 6kg boxes of quality street.,,https://i.redd.it/09laix6d3m841.jpg,1578078262.0,181,0.97,37,CasualUK,millsytime
ejj241,My local Pizza Hut is now a Greggs,,https://i.redd.it/4pc5djjlnl841.jpg,1578074463.0,1901,0.99,111,CasualUK,runs_with_badger
ejiud5,This chap gets a giant car park to himself!,,https://i.imgur.com/H3lsoDK.jpg,1578073571.0,80,0.95,10,CasualUK,President-Nulagi
ejilmf,Off-peak return to Bangor from Chester! Valid until 18 Jan on top of first ticket machine in Chester Train Station.,,https://i.redd.it/56uqpvtaml841.jpg,1578072546.0,58,0.92,12,CasualUK,copperrequired
ejiju7,"Reindeer found taking a well deserved break in Knole Park, Kent",,https://i.redd.it/07rc3xdpll841.jpg,1578072324.0,337,0.98,21,CasualUK,gingersoph
ejic2m,John Lewis ad IRL,,https://gfycat.com/flawlessadventurousgermanspitz,1578071426.0,186,0.97,0,CasualUK,chiefzhandrey
eji3am,"Wee cute fucker spotted in Northumberland, I‚Äôve called him Robbie",,https://i.redd.it/7jg8eqrzfl841.jpg,1578070404.0,549,0.99,36,CasualUK,[deleted]
ejho9v,"The desktop version of Google Earth has a ""historical imagery"" option. Large population areas can be looked at from the 1940s, with the rest of the UK coming in anywhere from 1980 onwards. This is Cheltenham in December 1945, and I bet people tripped over those massive bloody letters.",[deleted],https://i.redd.it/l88son3q9l841.png,1578068656.0,418,0.98,34,CasualUK,[deleted]
ejh80h,"New film The Gent, starring Lemen - looks great",,https://i.redd.it/pvhwy4i75l841.jpg,1578066773.0,1634,0.99,65,CasualUK,crispy_pingu
ejg9gc,Somerset place names never fail to disappoint,,https://i.imgur.com/zvpPs7n.jpg,1578062526.0,150,0.97,59,CasualUK,purpleslug
ejg7yx,Found these whilst out walking with the kids today. Quality idea to encourage kids to read.,,https://i.imgur.com/cLZJOYK.jpg,1578062330.0,192,0.98,18,CasualUK,9DAN2
ejg2v9,How many of you have actually shit your pants?,[deleted],https://www.reddit.com/r/CasualUK/comments/ejg2v9/how_many_of_you_have_actually_shit_your_pants/,1578061631.0,69,0.92,98,CasualUK,[deleted]
ejf9dj,"I was grumbling to my mates that I never have change anymore for pool tables. Thought I'd come up with a genius idea that we could retrofit contactless readers to them, only to find some bastard's beaten me to it.",,https://i.redd.it/mqsn3670dk841.jpg,1578057292.0,396,0.99,64,CasualUK,Flanj
ejf6er,Bargain Booze's dual Dry January/Buy January promotions,,https://i.redd.it/o5nkstpobk841.jpg,1578056846.0,135,0.98,10,CasualUK,marccass
eje0x5,Looks like Jamiroquai is performing in my local Sainsbury's today,,https://i.redd.it/hrv67bvdqj841.jpg,1578049762.0,226,0.95,35,CasualUK,herzeleid22
ejdz79,When the NHS bans smoking on the grounds (I‚Äôm vaping but never quite sure of the rules) - you gotta admire how Brits still find a place to congregate for a puff.,,https://i.redd.it/og3c4h7qpj841.jpg,1578049464.0,101,0.93,59,CasualUK,OCPEoireitum
ejdx5m,The Mystery of the Richmond Sausage,"Frankly yesterday was a strange day. we witnessed a real life mystery unfold in our back garden in London. 

I noticed our young dog was standing in an unusual pose over a peate grow bag (used for growing tomato plants this summer) with his face fully submerged in the dirt, burrowing away and making all sorts of noises. 

I watched for a few mins, trying to guess what he was doing, but after a few more mins of standing in this pose, I settled on he's just being a mad puppy. 

Once I pushed him away from the ever-increasing crater in the grow bag, he jumped back and quickly showed me he had a whole cooked bbq sasuage in his mouth. I was stunned and taken aback. Am I having an episode? Should I cut down on psychedelics? Or did my dog just really pull out a full cooked (and untouched) BBQ sasuage from the bottom of a grow bag?!?

As I moved closer to grab the sausage from his jaw, he quickly gobbled the sausage down in two large gulps whilst never breaking eye contact, which was a little unnerving to be honest. But seriously did I just see my dog pull out a sausage from the dirt or did i just imagine it?

I decided to message Ann, my partner, and tell her what just happened, taking a picture of the new tunnel the puppy had dug under London. When I went to send the picture of the hole, i noticed something - something brown and shiny in the grey sunlight...there was another sasuage at the bottom of the grow bag!? Seriously WTF?

Now, we are living a real life mystery. Who the actual f would bury a sausage in a grow bag??

Ann and I, being fans of Forensic Files (on netfucks) wanted to employ the methods we have seen on the show, to uncover this monster. I was even tempted to do a ""heated super glue analysis"" on the sasuage to lift a finger print as we had seen on the show, but Ann said no. She's right though, finger printing friends and family as they enter our home isnt very welcoming.

Once we examined the 2nd sausage in more detail, Ann noticed that it very much resembled a Richmond sausage, a brand common in UK supermarkets and a good breakfast sausage for when you are hungover and close to death. However, we would never bbq a Richmond sausage? This mystery just deepens....maybe we should finger print our family / friends afterall?

So what now and how do we move on? 
Our dog now thinks there's an unlimited pit of sausages at the bottom of every grow bag he sees and he's still digging for a 3rd sausage without any success, but his crater has connected up with the London Underground making the morning commute a lot easier. 

As for finding the culprit of this pork travesty, we have a few theories but we need YOUR help /advice on how to whittle the suspects down.

Working theories:

1. Would an animal, maybe a squirrel, hide sausages? We thought squirrels just ate nuts and seeds, but maybe the London squirrel has evolved into meat eaters? #zombieapocalypse 

2. We have to draw up a list of everyone who attended one of our bbqs or parties in the last 6 months. Interviewing each suspect with the skills we have learnt from Forensic Files and playing LA Noire (bashing bad cop button everytime!).

3. Start profiling this potential suspect, using our TV knowledge from Mindhunter. Is the crime organised or disorganised? Is it sexually motivated? Is it likely to be someone who is very drunk or have been given the puppy eyes by the dog and guilted into hiding the sausage (oooh)?...but surely they would have given the sausages up at the time their eyes met? So many questions.

4. Obviously the puppy would have scoffed the sausages once in reach and he can be ruled out, but what was the motive behind this sasuage scandal? 

5. How much of the case info should we release to our friends/family? Maybe we should hold back info and see if anyone slips up, giving themself away? 

6. How long were the sausages in the bag? The puppy surely would have smelt the sausages, seeing as it's only buried in 3/4cm. Maybe it was a squirrel or a bird that deposited the sausages in question? We need to get some wildlife experts involved. 

We will keep you updated on our investigation and have images of the evidence if anyone is interested.

Truly puzzled,

Frank &amp; Ann",https://www.reddit.com/r/CasualUK/comments/ejdx5m/the_mystery_of_the_richmond_sausage/,1578049072.0,107,0.97,69,CasualUK,FrankandAnn
ejdj3e,Rather bizarre notice at a pub in Wales. Who doesn‚Äôt love hugs?,,https://i.redd.it/j05ugtzjgj841.jpg,1578046376.0,2592,0.98,311,CasualUK,[deleted]
ejdbya,Seems Heathrow are keeping close ties to their friends over at Microsoft..,,https://i.redd.it/e6jbf92ncj841.jpg,1578045063.0,312,0.93,12,CasualUK,pinbackk
ejdac1,Good Morning Yeovil!,,https://i.redd.it/0nq3i9bqbj841.jpg,1578044756.0,88,0.98,8,CasualUK,Lozzorozzo
ejd6wa,Space Raiders socks...,,https://i.redd.it/rws5dgqm9j841.jpg,1578044089.0,5968,0.96,109,CasualUK,beachlondon
ejd0ig,Only covered one piece of toast this morning. Not an ideal start to 2020.,,https://i.redd.it/uxwvlb5w5j841.jpg,1578042796.0,66,0.87,29,CasualUK,ym61
ejcm2b,At least they‚Äôre honest,[deleted],https://i.redd.it/vgo9kaqbxi841.jpg,1578039909.0,1653,0.98,35,CasualUK,[deleted]
ej518g,"Unexpected plant label in Tetley's, Leeds",,https://i.redd.it/4xgd5owdtf841.jpg,1578002269.0,69,0.97,10,CasualUK,Set_my_Jib
ej4pz1,"The nectar app is doing an annual shopping review thing, and apparently the wife and I like cherry tomatoes...",,https://i.imgur.com/WrB1y06.jpg,1578000973.0,271,0.98,101,CasualUK,heldain
ej4d5i,Why are these delicious bastards so hard to eat!,,https://i.imgur.com/hWE9yiY.jpg,1577999467.0,61,0.86,45,CasualUK,DBRWes
ej3zxb,I know the roads are clearer this time of year but that seems optimistic...,,https://i.imgur.com/uwep1FT.jpg,1577997978.0,2994,0.99,133,CasualUK,underthesign
ej30ur,Avanti have stuck a sticker over the word Virgin in the train toilet!,,https://imgur.com/5XhQkVH,1577993958.0,67,0.95,16,CasualUK,Freeewheeler
ej2apm,Musings from a 10 day trip (and some pics),"Not been back to the UK for 3 years since I emigrated. Had a wonderful trip, some pics below. We rented a house near Ashley-De-La-Zouch so we were fairly central for family. In 10 days we had *21* visitors, so yeah it was a pretty busy week or so.  

My two eldest are getting older, may be the last time we all travel as a family :(


**Images**
https://imgur.com/a/g8gZic2  



**Musings**  

* Supermarket food is still so much cheaper than Southern California (where we live now).  

* Eating out a little more expensive but not that much (we were in the midlands so medium prices)  

* Drivers are *so* much better. I know people complain a lot about drumb drivers, but you have no idea how that compares to California drivers!   

* Greggs trips - 3. There seem to be more Greggs than coffee shops these days. When we went to Burton, I could see three of them from where I was standing on a street.   

*  Beer, as expected, is still head and shoulders above the US. The US is getting better, but in california we really don't have pubs, just bars. Usually serving food as well, but with sports screens.   

* Pub dogs. Say no more.   

* Weather - was pretty good to us for this trip. Couple of days it rained but otherwise really nice",https://www.reddit.com/r/CasualUK/comments/ej2apm/musings_from_a_10_day_trip_and_some_pics/,1577990922.0,82,0.93,41,CasualUK,emailrob
ej24xg,the name's Butt... Mr Butt.,,https://i.redd.it/4iuug81nte841.jpg,1577990244.0,216,0.97,34,CasualUK,Toggleguy_
dyqdiv,Found a bit of stone shaped like England today. Shame I'm in Scotland and had to throw it away before it started to burn my hand.,,https://i.redd.it/3qt5sl74fpz31.jpg,1574195908.0,334,0.95,18,CasualUK,MC936
dyq9e3,Life imitating art or art imitating life?,,https://imgur.com/nwLF1fC,1574195460.0,238,0.98,5,CasualUK,adamdrewmerry
dypkxl,Excellent graffiti on the Southeastern train home,,https://i.imgur.com/XUDOCXL.jpg,1574192756.0,19069,0.96,129,CasualUK,TheGhostAtTheFeast
dsoogb,"No Haribo, what you have there are literally just 'Strawbs'..",[deleted],https://i.redd.it/f9t7t7tgi5x31.jpg,1573083203.0,202,0.99,18,CasualUK,[deleted]
dsnlkw,My local is closing. Had a chat with the bar man and he cried üò≠,[deleted],https://www.reddit.com/r/CasualUK/comments/dsnlkw/my_local_is_closing_had_a_chat_with_the_bar_man/,1573078473.0,140,0.97,52,CasualUK,[deleted]
dsn59h,"Rode in a car park lift with Chris Tarrant this afternoon. After he got off at his floor, the other passengers in the lift looked at each other asking ""it was him, wasn't it?"", because obviously we adhered to the rules and said nothing to him.",,https://www.reddit.com/r/CasualUK/comments/dsn59h/rode_in_a_car_park_lift_with_chris_tarrant_this/,1573076666.0,104,0.97,33,CasualUK,captainslow84
dsmnnr,"I was bored on my way home, so decided to turn London tube stations into emojis",,https://i.redd.it/wsqmw3obt4x31.png,1573074738.0,194,0.94,53,CasualUK,HarToky
dsm4ce,Apprentice week 6: roller coasters,"Apologies - not got much time to do the thread this week. Presume they're all twats and they make a rollercoaster.

Here's hoping they all get fired.",https://www.reddit.com/r/CasualUK/comments/dsm4ce/apprentice_week_6_roller_coasters/,1573072523.0,129,0.94,675,CasualUK,jptoc
dskaxp,"""I didn't know what the plan was for tea"" my bf explains after popping to the corner shop after work. Panic buying at its best üòÇ",,https://i.redd.it/6aav9k7qy3x31.jpg,1573064450.0,193,0.92,86,CasualUK,Lady-skyrim
dshs1s,"Emptying compost from a busted cannabis farm, Shrewsbury",[deleted],https://i.redd.it/1o33ccj133x31.jpg,1573053869.0,80,0.95,23,CasualUK,[deleted]
dshjvm,this guy that stands outside the Apple store in Glasgow everyday has become a national treasure,,https://i.redd.it/c38jr5rzz2x31.png,1573052827.0,672,0.98,47,CasualUK,[deleted]
dsgvvg,Ancient Artifact,,https://i.redd.it/md5iu97zq2x31.jpg,1573049790.0,338,0.97,23,CasualUK,WamSam
dsfgpk,Looks like a Toy Story 5 is in the works!,,https://i.redd.it/9kd5uqa952x31.jpg,1573042445.0,80,0.89,4,CasualUK,iiSpectre
dsf7fc,Summer has just lost the lead. Autumn is N¬∞ 1 hands down.,,https://i.redd.it/6orukbir02x31.jpg,1573040968.0,124,0.96,17,CasualUK,StronkBushman
dseqzb,Aww Glenrothes. What a beaut! üòçüòçüòç,,https://i.redd.it/dg8ddoi3s1x31.png,1573038030.0,633,0.98,108,CasualUK,McLaconicus
dseosu,This terrifying poster found in the toilets.,,https://i.redd.it/is9y93euq1x31.jpg,1573037593.0,3156,0.99,144,CasualUK,ocean-of-emptiness
dse3rr,Cute hedgehog chilling in the parent's garden last night,,https://v.redd.it/1lwpm8dud1x31,1573033520.0,153,0.97,8,CasualUK,Frogboffin
dsda9c,My son drew a picture of me in a car..,,https://i.imgur.com/riU6Rr5.jpg,1573027636.0,74,0.89,6,CasualUK,Jim_boxy
dsd856,Any fans of Charlie Brooker's Philomena Cunk? Well I made my own version...about Yorkshire.,,https://youtu.be/LCRScIUQkoE,1573027235.0,97,0.88,24,CasualUK,[deleted]
dsczkh,I got a mini crumpet with my crumpets.,,https://imgur.com/DpeAol5,1573025603.0,211,0.99,30,CasualUK,Backstabar
dsczkg,A moody Dunstanburg Castle,,https://i.imgur.com/4D24Isa.jpg,1573025603.0,97,0.97,4,CasualUK,President-Nulagi
dscnd9,Freddo has a friend Down Under,,https://i.imgur.com/5ll0HvY.jpg,1573023389.0,261,0.98,34,CasualUK,kenbw2
ds9ix8,"The Old Town, Edinburgh",,https://i.redd.it/e4kz2sminqu31.png,1573006059.0,130,0.98,5,CasualUK,TheBizzareKing
ds7tar,"Ottery St Mary's Tar Barrels festival - completely insane, and this was only one of the smaller barrels!",,https://v.redd.it/dadobvitfyw31,1572997881.0,60,0.99,9,CasualUK,fairysdad
ds7ozi,I feel like my hotel is overselling Croydon,,https://i.redd.it/n58mvxb5fyw31.jpg,1572997330.0,101,0.97,11,CasualUK,Brumadier
ds6bky,"I present you, Swindon's contribution to the success of the UK",,http://i.imgur.com/4pMhdMl.gifv,1572991224.0,12156,0.98,732,CasualUK,Hessenuk
ds5jb6,Caernarfon Fireworks this evening!,,https://i.redd.it/17ob9mgxmxw31.jpg,1572987844.0,236,0.97,10,CasualUK,OddChair
ds4pre,Imagine if the Gunpowder Plot was carried out in mid June...,The idea of 'Bonfire Night' would never have lasted as long if night didn't arrive until 9pm.,https://www.reddit.com/r/CasualUK/comments/ds4pre/imagine_if_the_gunpowder_plot_was_carried_out_in/,1572984341.0,61,0.98,24,CasualUK,pajamakitten
ds4nx9,Belfast airport. Some kind person leaving smokes and a lighter for those in need.,,https://i.redd.it/27dr8tuvbxw31.jpg,1572984133.0,60,0.9,15,CasualUK,Heidicakeface
ds3kpu,Unable to take the kids to the local bonfire so marshmallows and a little homemade one will have to do and some fireworks of course.,,https://i.redd.it/v8ivrjekyww31.jpg,1572979662.0,71,0.93,12,CasualUK,ssjallen
ds3e5o,The bedroom doorway of an old Cornish cottage...5ft 9in nephew for scale,,https://i.redd.it/t3f45sptvww31.png,1572978885.0,736,0.99,59,CasualUK,crazycockerels
ds33wi,Autumn in the UK can be kinda pretty,,https://i.redd.it/t4qfakuyaqw31.jpg,1572977701.0,159,0.96,9,CasualUK,ponygrey
ds31xu,"The bible has been in print for around 500 years, but it's got nothing on this fellow",,https://i.redd.it/fiwhzxp2sww31.jpg,1572977466.0,137,0.94,13,CasualUK,roidweiser
86jo6t,Office food and the seven deadly sins.,"When God made the world, he also made food, and it was good. The people were happy. They were happy until God also made offices and forced people to eat near each other. In doing so, he created 'the seven deadly sins' which we see below.
 
__________________________________________________ 
**Lust** 
 
It is impossible to go out for a delicious Friday treat meal and bring it back without a horde of idiots gathering round your desk to ogle at your food whilst going ""Mmmm. That looks good! Mm, ooo where's that from"" and then they stare at mouthful. Fuck off!
 
__________________________________________________ 
**Gluttony** 
  
A colleague brings his lunch in every day in order to save money, but by 9:30am, he's devoured every last morsel of food. This means he has to go out at lunchtime to get a second lunch as he smashed his one just after breakfast. His great money saving idea actually costs *more* money than if he just didn't make his own lunch. 
 
__________________________________________________ 
**Greed** 
 
""Where are the bloody biscuits?"" is a phrase I have heard twice this morning already... Every office I have worked in, there is always an abundance of cake/biscuits/chocolate every two desks where people will gather round to gorge like a herd of zebra at an oasis.  
 
Sitting pretty still in a chair for 8 hours a day makes it hard to justify such an abundant feast but them's the rules!
 
__________________________________________________  
**Sloth** 
 
This one follows on from greed and is namely that although the oasis is a wondrous place, it needs to be preserved and nurtured. It needs people to venture out to the shops to bring more food, otherwise it disappears. Do they ever go and get supplies? Nahh, because that means getting in the lift and going down a few floors. I'm sure someone else will do it.
 
__________________________________________________ 
**Wrath** 
 
This goes out to everyone who microwaves fish in the office. Why are you like this? Why do you hate us that much that you are literally radiating a sloppy piece of haddock at maximum wattage. Who taught you that this is an okay thing to do? Eat your putrid fish at home. 
 
__________________________________________________ 
**Envy** 
  
Looking like Ron Weasley holding his balled up cheese and marmite sandwiches, they'll sheepishly say ""yours looks better than mine"" (and not just at the urinal). I am sorry that you do not know how to make a meal but don't it my problem. Either learn to make food or go out and buy food because you're not getting mine.
__________________________________________________ 
**Pride** 
 
Every office has that cretin who judges everything that you put in your face. ""That has a lot of calories!"" they'll splutter if you eat a bar of chocolate. ""That's your second cup of coffee. Coffee causes cancer dontchaknow?!"". ""Drinking more water today I see. Don't forget, cancer"".  
 
At least if I end up choking to death on my lunch I'll be left in peace. 
 
__________________________________________________________________________ 
 
**Tell me about your office and it's biblical connotations.**
 
",https://www.reddit.com/r/CasualUK/comments/86jo6t/office_food_and_the_seven_deadly_sins/,1521801737.0,154,0.97,68,CasualUK,[deleted]
86jkwh,Italians literally dont understand queueing. They're queueing from 3 directions to board my flight.,,https://i.redd.it/ihtvrz6sohn01.jpg,1521800538.0,1926,0.96,289,CasualUK,NineFeetUnderground
86jkev,"Looks like these B&amp;M members of staff took budget driving lessons, with instructors who charge B&amp;M sort of prices.",,https://i.imgur.com/qyMnuQk.jpg,1521800356.0,80,0.91,29,CasualUK,9DAN2
86j0nz,The most successful duo in UK music history according to the The Guinness Book of Records.,,https://imgur.com/a/AaZqx,1521792582.0,412,0.97,27,CasualUK,[deleted]
86fs1w,The new Doctor Who intro is a bit shit,,https://vimeo.com/261397010,1521758292.0,64,0.88,2,CasualUK,jiggjuggjogg
86dvoe,'I've made us dinner.',[deleted],https://i.redd.it/cqekivjozcn01.jpg,1521743704.0,78,0.85,44,CasualUK,[deleted]
86dovr,Union Flag Evolution,,https://pbs.twimg.com/media/DY5g-gaW4AAonXS.jpg:large,1521742373.0,133,0.95,12,CasualUK,gsurfer04
86d6o2,I thought I would be honest for a change.,,https://i.redd.it/xi2o12yjkcn01.png,1521738626.0,7276,0.96,262,CasualUK,-MuscleMuseum-
86ceo3,This birthday card we got for our northern colleague,,https://i.redd.it/utb63ziu3cn01.jpg,1521732971.0,148,0.95,8,CasualUK,PM_ME_PENGWINGS
86cb6c,Found an old newspaper from 1839 under the floorboards. This police report is brilliant.,,http://i.imgur.com/MJfN7FH.jpg,1521732208.0,310,1.0,38,CasualUK,TopTrumpWANKER
86c1dl,Some world class football being played in Stockport.,,https://v.redd.it/lli9ywt2vbn01,1521730069.0,78,0.98,13,CasualUK,___Steve
86bvpt,What's the weather like over there?Very British,[deleted],https://i.imgur.com/XlWiRrS.jpg,1521728774.0,292,0.98,8,CasualUK,[deleted]
86brsd,After a visit to her grandparents my 5yr old daughter has claimed my childhood teddy.,,https://i.redd.it/o4a3r3wrobn01.jpg,1521727891.0,84,0.98,24,CasualUK,EarlOfBronze
86bkrt,Looks like beast from the east part 3 is going to be a rollercoaster. Might not survive next week.,,https://i.imgur.com/cNm4Z3D.png,1521726185.0,66,0.94,10,CasualUK,Christof_P
86bip4,Suggestion: Replace London with the Grand Exchange,,https://i.imgur.com/nzL6pdO.png,1521725644.0,903,0.97,97,CasualUK,Zarknord
86bdhw,Why are you like this?,,https://i.redd.it/k7ty5m4zg7n01.jpg,1521724259.0,57,0.92,10,CasualUK,[deleted]
86ay5r,"Battered Creme Egg, anyone?",,https://i.redd.it/6vj6ugep1bn01.jpg,1521720129.0,99,0.93,30,CasualUK,liketo
86akqq,"Killermont street,Glasgow.",,https://i.redd.it/ebp33ssloan01.jpg,1521715727.0,61,0.95,15,CasualUK,kevmg77
86aitp,The absolute state of Sylvanian Families,"Sylvanian families have gotten all fancy all of a sudden. They're wearing silk gowns with diamonds sewn in them now, gone are the gingham aprons.

Remember when they just lived in wooden cabins in forests? Now they're putting on airs and graces in town houses. Its not what it was.

Wheres the chocolate bunny mother who used to put the dinner on? Oh now she's swanning around in a whores frock visiting chocolate shops. It's not on. They've gone and gentrified my childhood!

Just look at this: https://twitter.com/SylvanianUK",https://www.reddit.com/r/CasualUK/comments/86aitp/the_absolute_state_of_sylvanian_families/,1521715067.0,69,0.92,33,CasualUK,tea_ara
86aif7,"[Interest thread] /r/CasualUK is up to some good, doing some charity in your neighbourhood.","Yesterday a user noted that there are enough people on /r/CasualUK to *really* fuck someones day up by spamming them with marketing things etc. etc. 
 
I'm thinking we could try and do something good instead by running a quarterly/bi-annual/annual donation to charity from /r/CasualUK. Rules so far: 
 
- We create a thread where people can nominate a specific charity and write a few lines as to why that charity means so much to them. 
 
- We have a strawpoll thread with the top ten nominated charities. The winner is /r/CasualUK's charity of choice.  
 
- We create a JustGiving page and whoever wants to donate to that charity can do so. We then pass it on to the charity with thanks from /r/CasualUK.
 
It will be moderator run and we will be transparent all the way so you know that we're not secretly pocketing the cash or anything stupid.  
 
Even if 500 people donate ¬£1, that's not bad going!
 
What do you think? Ideas and suggestions welcome!
 
",https://www.reddit.com/r/CasualUK/comments/86aif7/interest_thread_rcasualuk_is_up_to_some_good/,1521714932.0,87,0.94,71,CasualUK,[deleted]
86aevw,TIL the Wikipedia page for a Pint Glass has a section on Glassing,,https://i.redd.it/nlcvrvklian01.png,1521713725.0,390,0.97,57,CasualUK,Killoah
86abu4,Canary Wharf prior to redevelopment.,,https://imgur.com/a/c3xFt,1521712675.0,168,0.98,55,CasualUK,HPB
86ab6q,This headstone I found in the pet cemetery,https://m.imgur.com/VeWWZwT ,https://www.reddit.com/r/CasualUK/comments/86ab6q/this_headstone_i_found_in_the_pet_cemetery/,1521712419.0,71,0.92,38,CasualUK,Chops9391
86a3kd,Marvel: Infinity War is the most ambitious crossover in history. Me:,,https://i.redd.it/3dve6fej5an01.jpg,1521709362.0,1951,0.89,162,CasualUK,RedditSwitcherooney
869rrv,Walney Island to Whitby,"I start the coast to coast bike route from Walney to Whitby today. Arrived in Barrow last night and got soaked to the skin cycling the 1 mile to the ""Hotel"".

Blurb in hotel claims ""comfiest beds in Barrow"", which I strongly doubt is accurate.

Am certain I could have ordered a gram of crack with my pint in the bar downstairs.

It's not raining this morning, so there's that I suppose. ",https://www.reddit.com/r/CasualUK/comments/869rrv/walney_island_to_whitby/,1521704621.0,53,0.94,29,CasualUK,aperijove
86707n,London Underground under Construction in 1860,,https://i.redd.it/yj1axtopg2n01.jpg,1521675338.0,93,0.99,13,CasualUK,[deleted]
866dpw,"fixed it, lads",,https://i.redd.it/8g07172tx6n01.jpg,1521670415.0,1039,0.98,22,CasualUK,thearguablepear
8662t9,Don't know if it had been posted yet,,https://i.redd.it/vglldyxzq6n01.jpg,1521668100.0,315,0.97,43,CasualUK,zxnx3
865vdf,Headlines like these make me proud to be British.,,https://imgur.com/lmYw2DE,1521666536.0,348,0.96,45,CasualUK,Snow776
8645dz,"My local pub's idea of afternoon tea- flying saucers, crisp sandwiches (crusts cut off), potato smileys, turkey dinosaurs, and a bottle of broon in a teapot.",[deleted],https://i.redd.it/hd8yzrakm5n01.jpg,1521654627.0,1949,0.98,170,CasualUK,[deleted]
863sno,Does anyone else‚Äôs local Morrisons play absolute tunes all day?,"My local branch is a dump, looks like something from the eighties. Fittingly though, some of the great music they play is from that same era. Latest visit they had Tom Petty, The Smiths and Coldplay (it was their early stuff, which is great in my opinion)

I can never bring myself to switch supermarkets as their playlists are so consistently strong. Is it a nationwide thing or is there some legend in charge of the aux cable at my branch?",https://www.reddit.com/r/CasualUK/comments/863sno/does_anyone_elses_local_morrisons_play_absolute/,1521652100.0,49,0.98,53,CasualUK,theflowersyoufind
863sfq,I'm sorry but Tipping Point is the dullest show in TV history.,,https://www.reddit.com/r/CasualUK/comments/863sfq/im_sorry_but_tipping_point_is_the_dullest_show_in/,1521652058.0,165,0.98,62,CasualUK,Zackhario
863hca,Anyone remember ‚ÄòTrapped‚Äô?,,https://i.redd.it/4u271nyv85n01.jpg,1521649903.0,707,0.96,55,CasualUK,goofymfgoober
8634in,Hello again everyone.,^^I've ^^been ^^asleep ^^but ^YIPPEE ^^it's ^^nearly ^^Springtime!!! ^^I ^^hope ^^all ^^of ^^my ^^friends ^^on ^^the ^^internet ^^have ^^had ^^as ^^nice ^^a ^^winter ^^as ^^I ^^have.,https://www.reddit.com/r/CasualUK/comments/8634in/hello_again_everyone/,1521647317.0,160,0.96,32,CasualUK,Timid_Hedgehog
862kuz,A baby highland cow,,https://i.redd.it/tkj3yrm0f4n01.png,1521643180.0,286,0.99,25,CasualUK,[deleted]
8622cr,"BREAKING: The final two episodes of Saturday Night Takeaway WILL go ahead without Ant, making it the first time Dec has presented solo",,https://i.imgur.com/s6Nn2pW.jpg,1521638980.0,111,0.94,79,CasualUK,tman612
8620vb,"Now that Ant is back in rehab and Dec refuses to work without him, there is only one reasonable solution for the final episodes of Saturday night takeaway.",,http://imgur.com/DW4HDTL,1521638604.0,4360,0.94,321,CasualUK,Zongap
861tdq,Apparently 007 also has a licence to drive without a valid MoT?!,,https://i.redd.it/7a075v8l54n01.jpg,1521636686.0,96,0.96,37,CasualUK,allinlowercase
861kox,Room 101: The Reddit Edition,[deleted],https://www.reddit.com/r/CasualUK/comments/861kox/room_101_the_reddit_edition/,1521634358.0,100,0.99,354,CasualUK,[deleted]
860z3x,The local swan couple is bullying a new guy,,https://i.redd.it/4cu8xsphd3n01.jpg,1521627316.0,69,0.96,29,CasualUK,SN74HC04
860u1q,Builder sings a heartfelt tribute to his Polish co-workers,,https://www.youtube.com/watch?v=t0HAna_vhZs,1521625511.0,57,0.94,7,CasualUK,PolishBuilder9999999
860bsl,Spotted this on my paper round,,https://i.redd.it/q8kts05ym2n01.jpg,1521618315.0,2589,0.96,166,CasualUK,billsladdy
85x0nu,Too soon?,,https://i.redd.it/rb1mwdfcvzm01.jpg,1521584813.0,1269,0.98,138,CasualUK,Kyledidntdoit
85wq0r,Let's start a petition to get Stephen Hawking's chair a permanent place at the London Science Museum,If his family are ok with that.,https://www.reddit.com/r/CasualUK/comments/85wq0r/lets_start_a_petition_to_get_stephen_hawkings/,1521582575.0,231,0.93,47,CasualUK,scampiuk
85w7tk,"You cannot be serious Tesco, the middle of my pizza is paper thin!",[deleted],https://i.redd.it/uo27z3a6dzm01.png,1521578734.0,117,0.94,62,CasualUK,[deleted]
85vxa8,Found the Anne Summer section in Tesco Extra,,https://i.redd.it/5lmuhdsx6zm01.jpg,1521576644.0,153,0.95,10,CasualUK,unspecifiedcarnage
85vj5x,I got married today,"Register office ceremony done in 15 minutes, followed by a decent meal at the Harvester and all family members got along. Now, off to sleep off a food coma. 

Just thought I'd tell someone, enjoy your Tuesday evenings folks!

Edit: Oh boy, a lot of replies! Thank you everyone for the kind words! I'll answer your questions soon...",https://www.reddit.com/r/CasualUK/comments/85vj5x/i_got_married_today/,1521573727.0,2047,0.95,255,CasualUK,egvp
85tyv1,Hmmm,,https://i.imgur.com/v9eASlr.jpg,1521562634.0,714,0.94,67,CasualUK,BetaDecay121
85trre,This sexy lad was eyeing me up on tube this morning,,https://i.redd.it/khp3ku9axxm01.jpg,1521561258.0,844,0.99,22,CasualUK,vnd3tta
85swv3,Today I found the food of the gods,,https://i.redd.it/v9lvr6jycxm01.jpg,1521554418.0,66,0.94,27,CasualUK,-Bungle-
85svq2,"There are good folks amongst us, there are bad folks amongst us like serial killers, murderers and there are these folks who do this....",[deleted],https://i.redd.it/jy9xczq5cxm01.jpg,1521554149.0,159,0.97,32,CasualUK,[deleted]
85sur4,"Have you ever been at work and thought ""Fuck's sake, nobody has asked for me all day. I could have gone home this morning and nobody would have been any the wiser.""?",,https://www.reddit.com/r/CasualUK/comments/85sur4/have_you_ever_been_at_work_and_thought_fucks_sake/,1521553916.0,78,0.98,43,CasualUK,coliander
85stkk,The best kind of roadtrip is a British kind.,,https://imgur.com/S3Liiz7,1521553627.0,140,0.96,8,CasualUK,EekumBookum
85si4r,woman keeps 'house trained' pet Bee and even 'cuddles' it,,https://www.thescottishsun.co.uk/news/2381000/inverness-fiona-presly-bumblebee/,1521550749.0,101,0.95,30,CasualUK,NEWSBOT3
85sdd6,I think it went well ...,,https://i.redd.it/v8nh2q9kywm01.jpg,1521549575.0,896,0.97,36,CasualUK,Big_Miss_Steak_
85s7p5,I went in there to grab a quick healthy lunch but came out with this.,[deleted],https://i.imgur.com/uxSNsKI.jpg,1521548053.0,262,0.97,46,CasualUK,[deleted]
85s2yc,Parcel force gave an empty parcel earlier this week. This was enclosed inside.,,https://i.imgur.com/gngPXuW.jpg,1521546679.0,275,0.98,58,CasualUK,Fifth-Freedom
85s1r9,"Harlech Castle, Wales",,https://i.redd.it/4ff4drtl3pm01.jpg,1521546310.0,156,0.98,27,CasualUK,[deleted]
85rxih,"Sorry, we're not a shop",,https://i.redd.it/8yeqdddskwm01.jpg,1521544943.0,67,0.98,20,CasualUK,kiranc_
85rsa3,Looking for a bassist in the Liverpool/wirral region. (Dont upvote this only a stab in the dark),"Sorry if this isn't the place to post this but here it goes. I know this is a long shot and please don't hurt me but here goes nothing...

Hello, r/CasualUK.

In a band that plays original songs which our bassist has just left for personal reasons. We play alternative/garage rock dosed with LSD, looking to replace him as soon as possible. 

We rent rehearsal space on the Wirral so if you're based in liverpool, and need a lift I can pick you up and drop you off.

Private message me if you're interested, all we ask for is 2 nights a week to tighten up songs and practice for upcoming gigs. We have a Facebook and a soundcloud account of you want to hear the songs first.

https://m.soundcloud.com/sanpedrosvision

https://www.facebook.com/SanPedrosVision/

We are pretty much just starting out but have a solid set. Let me know if you're interested.",https://www.reddit.com/r/CasualUK/comments/85rsa3/looking_for_a_bassist_in_the_liverpoolwirral/,1521543209.0,451,0.9,59,CasualUK,Daddy_Caine
85rh69,"My 2 year old can‚Äôt string a sentence together properly yet, but he does slap his knee and say ‚ÄúRight!‚Äù When he‚Äôs done with one toy and wants to go do something else.",,https://www.reddit.com/r/CasualUK/comments/85rh69/my_2_year_old_cant_string_a_sentence_together/,1521539436.0,3945,0.97,131,CasualUK,epiclabtime
85ol84,Is this a threat?,[deleted],https://i.redd.it/yfz8l724dtm01.jpg,1521506041.0,562,0.99,30,CasualUK,[deleted]
85o4pt,"People don't understand why we like rain so much. It's not that we enjoy being stuck out in the rain, we like being inside with a hot cup of tea thinking of other people being stuck in the rain",,https://www.reddit.com/r/CasualUK/comments/85o4pt/people_dont_understand_why_we_like_rain_so_much/,1521502112.0,202,0.98,52,CasualUK,runningluke
85nyl5,I got a weird sense of guilty pride seeing this on r/dataisbeautiful,,https://i.redd.it/35aw6ha2xsm01.jpg,1521500652.0,117,0.95,35,CasualUK,WhatCheeseFetish
85nxgd,So true,,https://i.redd.it/xg8xzybcwsm01.jpg,1521500401.0,499,0.95,26,CasualUK,Abitlostandconfused
85m1kt,Doctor Who isn't what it used to be,,https://twitter.com/LFCNev/status/975403198558154753?s=19,1521486065.0,233,0.98,10,CasualUK,spinynorman1846
85l64r,Found ur mums address,,https://i.imgur.com/2m85ygb.jpg,1521479713.0,8909,0.97,103,CasualUK,nathane87
85l0uo,Anyone else used an English phrase and had it miss-interpreted by a non-english speaker,"I recently made friends with a group of Russians, one of them asked me how I am getting along with them, I replied ""Like a house on fire"" and he got really offended. He assumed that was a bad thing because well, being honest, it does seem a bit bad if your house is on fire...

Anyone else had a similar experience?",https://www.reddit.com/r/CasualUK/comments/85l0uo/anyone_else_used_an_english_phrase_and_had_it/,1521478637.0,89,0.97,100,CasualUK,Zarknord
85kv1a,"I just need to have a little rant about ""Money For Nothing"" on the BBC","If you aren't familiar with the show the synopsis is 

""Entrepreneur Sarah Moore saves things from being dumped and transforms them into valuable pieces, making money for people who had no idea there was cash to be made from their trash""

What they really do is take absolute tat like old furniture and give it to skilled designers/craftsmen/artists who might use part of it to turn it into more pretentious tat that might sell for ¬£xxx 

Pretty much it's akin to someone going to throw away a can of old spray paint, saying ""no, let me have that!"" then giving it to Banksy and acting like you turned it into millions yourself

Fuck you Sarah! you did nothing to add value and your method is totally non-applicable to an ordinary person without talented connections you sexually ambiguous ne'er-do-well",https://www.reddit.com/r/CasualUK/comments/85kv1a/i_just_need_to_have_a_little_rant_about_money_for/,1521477455.0,127,0.99,51,CasualUK,LondonGoblin
85kofb,I'm glad they greened up the local island.,,https://i.redd.it/b02o97b5wqm01.jpg,1521476124.0,199,0.99,41,CasualUK,BlGBY
85knq4,The Sun of Spring is chasing away the Winter snow.,,https://i.redd.it/u3pk589ovqm01.jpg,1521475972.0,530,0.99,24,CasualUK,benny_from_the_block
85khhz,Bottled my digestive biscuit wine.,[deleted],https://i.imgur.com/aMyEj2j.jpg,1521474684.0,226,0.97,93,CasualUK,[deleted]
85ka8i,I was until I saw this,[deleted],https://i.redd.it/7y1xi1m0nqm01.jpg,1521473053.0,170,0.98,17,CasualUK,[deleted]
85jj1d,What is your favourite song and why is it Mr Brightside?,[deleted],https://www.theguardian.com/news/shortcuts/2018/mar/19/the-life-of-mr-brightside-why-the-killers-hit-is-still-in-the-charts,1521466842.0,74,0.79,78,CasualUK,[deleted]
85j7at,Impotent rage expressed at some lengthy roadworks. That'll speed them up!,,https://i.redd.it/mw1rsmwlupm01.jpg,1521463712.0,53,0.96,10,CasualUK,syncopant
85iymu,I've literally been mugged off. Please advise.,"Update: mug reclaimed. No glassing was necessary.

At my office there are a fair few company-branded mugs but for whatever reason they tend to collate on the other side of the building and I can't be bothered with hunting them down.¬† 

Obviously I'm not the sort of cunt who would just go into the cupboard and grab someone's clearly personal mug, so I wound up buying one the other day. It's an Iron Maiden one. It has a nice big handle and holds a solid quantity of tea. It's a good mug.¬† 

I've not even had it a week and it's vanished from the cupboard today. I couldn't find it in any dishwasher and concluded someone had nicked it, which is pretty poor form.¬† 

Now I've twice seen one of the lads who works for services (i.e. health and safety, supplies, etc.) with it and obviously being British born and raised I've not said anything.  

How do I deal with this? He doesn't even have a desk that I can just nick it back from when he isn't looking. I could just use one of the company-branded communal ones but that feels a lot like losing.

EDIT: I've just seen the cunt walking around sans mug. It's unattended! Off on a raiding mission.  

EDIT II: he has cunningly hidden it. It's not in any of the dishwashers.  

EDIT III: I'm going to search all three floors on my way to lunch and see if I can nab it off a desk or wherever he has left it.

EDIT IV: no luck but I did find another Iron Maiden mug. Tempting to steal it and become what I hated most.  

EDIT V: reclaimed! Guess it has to stay at my desk from now on.",https://www.reddit.com/r/CasualUK/comments/85iymu/ive_literally_been_mugged_off_please_advise/,1521461329.0,56,0.93,70,CasualUK,[deleted]
85iy9b,"Well it makes a change from snow. Go home BBC Weather, I think you're drunk",,https://i.redd.it/mplsssysnpm01.png,1521461232.0,210,0.98,35,CasualUK,JamLov
85iw8z,"Anyone else get irrationally annoyed by the word ""veggies""","Its not ""veggies"", its ""veg""


Also is it actually irrational",https://www.reddit.com/r/CasualUK/comments/85iw8z/anyone_else_get_irrationally_annoyed_by_the_word/,1521460615.0,137,0.92,184,CasualUK,_Gigante_
85is06,View this morning on my way to bath,,https://i.redd.it/ztqto3exhpm01.jpg,1521459232.0,141,0.97,13,CasualUK,Nuns_In_Crocs
85inha,Yorkshire Tea releases brew that tastes like tea AND biscuits.,,https://inews.co.uk/inews-lifestyle/food-and-drink/yorkshire-tea-biscuit-brew-flavour-new/,1521457670.0,72,0.94,42,CasualUK,Romanofsky
85ibk1,Tell me your neighbour from Hell stories.,[deleted],https://www.reddit.com/r/CasualUK/comments/85ibk1/tell_me_your_neighbour_from_hell_stories/,1521453629.0,79,0.96,127,CasualUK,[deleted]
85i5ak,$1m prize for London educator named 'world's best teacher',,https://www.theguardian.com/education/2018/mar/18/andria-zafirakou-from-north-london-wins-1m-worlds-best-teacher-prize,1521451022.0,66,0.94,35,CasualUK,Rufus2227
85fsyh,My first attempt at a British fry up!,,https://i.redd.it/q2s8fexnfmm01.jpg,1521422168.0,210,0.95,128,CasualUK,SunnyBunchy
85engm,This is what snow is for in the UK,,https://www.youtube.com/watch?v=VJ-syLh4JV0,1521411276.0,125,0.95,12,CasualUK,[deleted]
85dxrn,Almost proud to be a statistic of the beast from the east.,,https://i.redd.it/04x7hfdl0lm01.jpg,1521405001.0,322,0.95,96,CasualUK,plumbakepudding
85cpa8,Sleepy London woman snuggles up to total stranger,,https://i.imgur.com/YYbjnSM.gifv,1521394447.0,2428,0.95,154,CasualUK,[deleted]
85cotb,The Drax powerplant in Yorkshire is clearly the best backdrop for afternoon tea..,[deleted],https://i.imgur.com/8mmdePm.jpg,1521394324.0,194,0.99,27,CasualUK,[deleted]
85bupq,A Real Ales Pubs response to St Patrick's day,,https://i.redd.it/7bgetpruhjm01.jpg,1521386571.0,302,0.93,81,CasualUK,Dreamxtreme
85bp7y,"A tale about my birthday weekend, betrayal, friendship and mystery fecal matter.","Bit of a long story, but I shit you not this all happened and I felt the need to share.

It‚Äôs my Birthday weekend so I‚Äôm obviously out for a few pints on the Friday. Classic hungover Saturday me and the girlfriend get some breakfast, we see some of our friends who had also been out the night before. They‚Äôre getting some breakfast, then they‚Äôre off to the pub to do some good old day drinking, but fuck that me and the Mrs are going back to bed with our food.

After a day of eating and watching shit TV we go for an early night, only to be woken up at about half 1 in the morning to loads of banging on my front door and the doorbell going. What the fuck, what is going on and why is there someone trying to kick down my door.

So I go down and find my friend I‚Äôd seen earlier that day, Jack, absolutely piss wet through without a coat, covered in snow and about as smashed as you‚Äôd expect from someone on the two day sesh. He‚Äôs mumbling about how he tried walking home in the blizzard but he had to turn back and he loves me and he‚Äôs sorry for turning up out of the blue, no worries. 

I can tell he just needs a bed to sleep in and to get his wet clothes on the radiator. So I guide him to the spare room and tuck him into bed and return to my GF and explain the situation, she fully understands and sees the humour.

Now I fall back to sleep, but am awoken to the sound of drunken stumbling and footsteps, Jack has risen at about 3am and I know what this is. Jack is just letting loose not knowing where he is, pissing all over my spare room.

So I'm shouting ‚ÄúJack! Are you pissing?‚Äù, he‚Äôs confused, and he deadpan looks at me cock in hand and says: ""This isn't a toilet? Sure looks like a toilet"". 

No, Jack, this is not the fucking toilet.

I guide him to the toilet where he finishes up his piss, then I do my best to mop up the piss in the spare room and send him back to bed, again he wants a cuddle, a kiss and to be tucked in. I oblige, the poor soul.

Back to sleep.

I'm half awake, aware of the beast upstairs, but dozing off for a couple of hours.

I hear banging again. What is he doing now?

So I go up, and turn the light on. No, Jack, what are you doing.

Jack is stood struggling with one of my large speakers in his arms, confused about what‚Äôs going on, and trying to get to the wardrobe to piss (The speaker lives on a stand in front of the wardrobe).

So I take the speaker off him and put it away, then I once again lead him to the toilet and back up to bed.

Back to sleep.

So I wake up in the morning, all seems fine, I take him up a brew and some cocodamol to ease his inevitable hangover and he is dead to the world but still breathing when I get there, his worldly possessions next to him. Fuck it he can sleep a bit longer the poor bugger. 
Pictured: https://i.imgur.com/t8CriTE.jpg

At this point I start messaging our mates on whatsapp and the group chat asking if anyone had been with Jack last night. Our mate Tom replies, in full fury saying how much of a dickhead Jack is for taking his key and locking him out. 

Now, it turns out Tom had been with Jack and said he could kip at his whilst he stayed out a bit longer, but that Jack would have to make sure he left the door open for him. As you can tell from the above Jack and the key did not make it to Toms house, leaving Tom stuck outside in the blizzard. See Toms texts to Jack:

https://i.imgur.com/2Q6L3qU.png
https://i.imgur.com/yMPsmer.png


This development had genuinely tickled me, and Jack had now woken up and joined me and the GF downstairs watching TV. Tom at this point was on his way to mine to get his key and slap Jack.

Enter Tom.

Hilarity ensues as Tom tells Jack how angry he is, Jack is just apologising for everything, for the locking out, for the pissing, for the waking me up.

Ok the situation settles, all in good fun it is a funny situation.

Ok Jack, before you head off I'll just make sure you've not forgotten anything. So I go up and sweet jesus the room smells. At this point I have to come back down to Tom and Jack and my GF.

I ask:

""Jack, I'm not taking the piss, but have you actually shit yourself in the spare room?""

Yes, it would appear, Jack has shit himself in the night.

Pictures:
https://i.imgur.com/iKt6UvK.jpg
https://i.imgur.com/bZEqx7V.jpg

I now have to just chuck this lot in the bin, it‚Äôs a write off. But Jack is claiming innocence here, he is adamant he did not shit the bed.

So what do you reckon? Did Jack shit the bed? Did he bring the shit with him? Why am I friends with these people?
",https://www.reddit.com/r/CasualUK/comments/85bp7y/a_tale_about_my_birthday_weekend_betrayal/,1521385081.0,94,0.94,60,CasualUK,kushdizzle
85azcm,Ah those were the days,,https://i.redd.it/5n75w90poim01.png,1521376761.0,1355,0.97,184,CasualUK,MCblumperz
85al1j,Whats your average cinema price?,,https://i.redd.it/rrx5gfbl6im01.jpg,1521370673.0,98,0.96,168,CasualUK,CheekyNandos1
85ai31,Sunday Brunch on Channel 4 reminds me of the Last Supper painting by Leonardo da Vinci.,,https://i.redd.it/kte47gi42im01.jpg,1521369188.0,624,0.96,58,CasualUK,docju
85aefo,"In Wiltshire, Giles and his wife Mary are watching a woman give birth on One Born Every Minute...","Mary: Oh, at least they've pixelated the... spatchcock area.

Giles: I'm okay, Nutty - I've seen Alien. And Alien II.

(Giles considers.)

Giles: **And** Alien III.",https://www.reddit.com/r/CasualUK/comments/85aefo/in_wiltshire_giles_and_his_wife_mary_are_watching/,1521367397.0,463,0.91,120,CasualUK,HugoNebula
859xxg,[Snow Megathread] The return of the Beast from the East - please post all your snow related tales and pictures here.,,https://www.reddit.com/r/CasualUK/comments/859xxg/snow_megathread_the_return_of_the_beast_from_the/,1521358922.0,88,0.92,158,CasualUK,[deleted]
858mhk,Standard night out.,,https://i.redd.it/ma4ntd83pfm01.png,1521340572.0,265,0.9,28,CasualUK,_absent_minded_
8587zu,Just had a car crash in this bastard snow,"Fuck me that was probably the scariest thing I've gone through

Its fucking March ",https://www.reddit.com/r/CasualUK/comments/8587zu/just_had_a_car_crash_in_this_bastard_snow/,1521336134.0,61,0.94,43,CasualUK,CurbiSaurus
857bc5,Just eaten half a block of extra mature cheddar with a cup of tea,And I feel Fucking fantastic!!! ,https://www.reddit.com/r/CasualUK/comments/857bc5/just_eaten_half_a_block_of_extra_mature_cheddar/,1521326895.0,68,0.89,36,CasualUK,northsouth261
856xy4,Well.,[deleted],https://imgur.com/rbG8kdC,1521323287.0,123,0.94,19,CasualUK,[deleted]
856iqt,Leigh Delamere. Unopened pint of milk and a socket coffee left in Burger King. Do I report this as suspicious unattended items?,,https://i.redd.it/6oh1r9kgxdm01.jpg,1521319174.0,68,0.93,17,CasualUK,hawkdaniel
856g8y,The best kind of pot o‚Äô gold,,https://i.redd.it/22d32f7dqcm01.jpg,1521318504.0,548,0.93,9,CasualUK,boogie_boots
8569yz,Does anyone remember tracing paper bog roll?,[deleted],https://www.reddit.com/r/CasualUK/comments/8569yz/does_anyone_remember_tracing_paper_bog_roll/,1521316933.0,87,0.99,41,CasualUK,[deleted]
8556rh,"My mate's wife is being far too low key about raising money for the awesome North Devon hospice who cared for my uncle in his dying months. It would be awesome if we could give her fundraising a boost. (mods, if this is the wrong place sorry and remove it!)",,https://www.justgiving.com/fundraising/nicola-bedford17,1521307376.0,118,0.92,10,CasualUK,Wjrmoesd_
854tml,Spotted out this morning. Available for any party!,,https://i.redd.it/fgmxlf3mocm01.jpg,1521304163.0,207,0.97,52,CasualUK,Disobedientmuffin
854rw6,[X-post from... Somewhere] I feel sorry for this guy's poor mum,,https://i.redd.it/rl3f0bmcp8m01.jpg,1521303701.0,319,0.96,45,CasualUK,[deleted]
854n4a,My mate was fined for dropping a fag and got this in the post.,,https://i.redd.it/bvfrsxewjcm01.jpg,1521302506.0,111,0.93,57,CasualUK,Loose_Goose
854hjc,The new Lethal Weapon looks a bit shit.,,https://i.redd.it/mx75hvpxfcm01.jpg,1521301207.0,1588,0.97,30,CasualUK,[deleted]
8546rw,Happy dubious claims of Irish heritage day!,,https://www.reddit.com/r/CasualUK/comments/8546rw/happy_dubious_claims_of_irish_heritage_day/,1521298306.0,140,0.97,40,CasualUK,kumquat_may
853uu5,Take care of those around you this Saturday night.,[deleted],http://i.imgur.com/mNAw6NI.jpg,1521294934.0,370,0.96,2,CasualUK,[deleted]
853swf,I like eating Rustlers burgers straight from the packet,"At first it was just because I couldn't be bothered to go into the kitchen and do small talk with my flatmates in halls while it heated up, so I just inhaled the fucker straight from the packet. I don't have the most refined palette in the world and it was pretty enjoyable so now it's becoming a little Saturday treat for me. 

Surely I'm not alone?

EDIT: spelling",https://www.reddit.com/r/CasualUK/comments/853swf/i_like_eating_rustlers_burgers_straight_from_the/,1521294302.0,411,0.93,206,CasualUK,[deleted]
853eur,This definitely didn‚Äôt happen.,,https://i.redd.it/o19fs7l1hbm01.jpg,1521289438.0,2689,0.97,176,CasualUK,JerkyOnassis
8538bw,Went for a walk in the snow in Berkshire,,https://i.redd.it/ycserpcp9bm01.jpg,1521286973.0,139,0.98,13,CasualUK,ToxicCirce
8531nu,haha yeet we did it lads,,https://i.redd.it/73glg2y51bm01.png,1521284110.0,638,0.95,112,CasualUK,Minecraftfan_4
8531j3,Cafe I'm in is refusing swaps on parts of a full English. Thoughts?,[deleted],https://www.reddit.com/r/CasualUK/comments/8531j3/cafe_im_in_is_refusing_swaps_on_parts_of_a_full/,1521284058.0,51,0.86,58,CasualUK,[deleted]
852urh,Only Patrick I need,,https://i.redd.it/77rvf3mrram01.jpg,1521280938.0,550,0.94,26,CasualUK,White-bush
852cie,Southeastern Train Service Changed St Pancras to St Patricks for St Patrick‚Äôs Day,,https://i.redd.it/pi2wzsvn2am01.jpg,1521272496.0,170,0.94,47,CasualUK,MatthewWSG
84zx31,There are now more people subscribed to /r/CasualUK than live in Worcester,"100,000 baby",https://www.reddit.com/r/CasualUK/comments/84zx31/there_are_now_more_people_subscribed_to_rcasualuk/,1521244093.0,188,0.99,54,CasualUK,Killoah
84zqtq,Not even a Liverpool fan but this is class,,https://v.redd.it/db3882mwk7m01,1521242354.0,254,0.87,14,CasualUK,jb001ok
84yipm,Anyone noticed we're about to hit 100k subscribers?,"99,976 on my screen! Woo!

9:23pm edit: 99,991!

9:30pm: 99,990. People are actually unsubscribing ahahaha

10:19pm: 99,997! Feels like NYE all over again

10:29pm: 100,001!! Pop open the champagne and imagine the fireworks on TV",https://www.reddit.com/r/CasualUK/comments/84yipm/anyone_noticed_were_about_to_hit_100k_subscribers/,1521231888.0,119,0.94,47,CasualUK,ace32229
84xzn0,London's meant to get a right rodgering from the storm this weekend,,https://i.redd.it/0rctrqf2d6m01.jpg,1521227567.0,120,0.98,12,CasualUK,CallMeCurious
84xsib,"We are genetically programmed to eat jaffa cakes by the dozen, I'm not sure how to deal with this...",,https://i.redd.it/32tdp4ek86m01.jpg,1521226057.0,197,0.98,39,CasualUK,Cletus101
84xlh8,Modern art in Donny station cubicles,,https://i.redd.it/lnsyfcq646m01.jpg,1521224581.0,212,0.97,13,CasualUK,satanismygirlfriend
84x79u,r/CasualUK Manchester Meetup 24/03/18,[deleted],https://www.reddit.com/r/CasualUK/comments/84x79u/rcasualuk_manchester_meetup_240318/,1521221469.0,62,0.92,65,CasualUK,[deleted]
84wumz,Kids these days...,,https://imgur.com/b8WhtPs,1521218657.0,212,0.98,42,CasualUK,EuanRead
84wemg,Looks like Robot Wars is cancelled again :(,No official BBC statement as of yet though.,https://www.reddit.com/r/CasualUK/comments/84wemg/looks_like_robot_wars_is_cancelled_again/,1521215237.0,65,0.97,43,CasualUK,onlypwny
84vwzw,They weren't kidding about big hoops,,https://i.imgur.com/Zu0oyhB.jpg,1521211329.0,65,0.98,23,CasualUK,Danfrom1996
84vlbj,"So the Beast from the East is coming back , how are you all preparing for the apocalypse?",I think I will buy a months worth of milk and bread ,https://www.reddit.com/r/CasualUK/comments/84vlbj/so_the_beast_from_the_east_is_coming_back_how_are/,1521208668.0,61,0.99,72,CasualUK,TNTmonkeyman
84ueo1,Went to the top of Forth Road Bridge in Scotland today.,,https://i.redd.it/eoo15p2dq3m01.jpg,1521195794.0,248,1.0,28,CasualUK,SN74HC04
84ubqb,Can you smell this picture?,,https://i.imgur.com/xrn4twj.jpg,1521194790.0,274,0.99,52,CasualUK,Hypohamish
84u6f1,Mr. Blobby's twin cousins working the case in Salisbury,,https://i.redd.it/ikgsn2u7h3m01.jpg,1521192644.0,336,0.97,14,CasualUK,Firestronaut
84u67q,"Toilet shopping is a right old faff these days, isn't it?","I've recently had occasion to purchase a toilet. Like most men I'd naively assumed this would mean going to a shop, saying ""I'd like a toilet please"" to which the shopkeeper would say, ""certainly sir, one toilet coming right up"". Of course, an hour in the showroom later we have a 114 page catalogue containing a world of possibilities I'd never imagined to exist. Slimline toilets. Wall mounted toilets. Toilets that swing from the ceiling on a chain. GraviTurd disposal technology and rimless flush systems. Quick release seats for those with a bathroom big enough to play Ultimate Frisbee in.

I find this highly confusing as I grew up in a world where there were only two types of toilet. Most households had the Royal Doulton Mark Two, either the '70s Mk2a available in harvest gold, avocado and peach or the '80s Mk2b in either grey or pink. The Mark Two was the Austin 1100 of toilets, in that your dad would spend all weekend greasing joints and adjusting valve clearances, only for the thing to still leak constantly and break down when you were already late for school.

Sometimes, though, you'd visit elderly relatives in London, back when houses in London cost 50p and the only people who lived there were elderly relatives. Their houses would still be fitted with an original Mark One Toilet (patent pending). It would be kept in a special reinforced room away from the sink and bath, to avoid damage to those lesser items of sanitaryware. Even before you flushed it, the high-level cistern would hiss and clank, warning of the destructive energy stored therein. The black plastic seat would be at a year-round temperature of 6 Kelvin to deter prolonged dithering. Then, you'd pull the chain. Initially, nothing would happen. Then an ominous clonk. The house would rattle to its foundations. Dust would drift down from the lath and plaster ceiling. Then, maybe four or five minutes later, an unceasing torrent of water would wash everything up to and including whole civilisations down the pan. Cans would fall from kitchen cupboards. The water company would issue a hosepipe ban. It would be another eight months before the cistern was full again.

This is what I want from toilet shopping. A mimeographed flyer containing little more than ""Mk2c (available in three ugly colours) / Mk1 (structural engineer approval required)"". Instead I've got War and Peace translated into available toilet options. Er, are soft close seats worth it?

ETA: ta, kind stranger!",https://www.reddit.com/r/CasualUK/comments/84u67q/toilet_shopping_is_a_right_old_faff_these_days/,1521192544.0,522,0.99,136,CasualUK,TimberwolfK
84u5jc,Clash of the Titans,,https://i.redd.it/qx9raxpzf3m01.jpg,1521192229.0,604,0.97,33,CasualUK,thatguy9921
84u36e,"Test your general knowledge: Kings, Countries, Continents and More on this weeks Pub Quiz!",,https://imgur.com/a/1L0lR,1521191242.0,64,0.98,86,CasualUK,Kerigorrical
84u0sh,LPT: the bottle holder on your bike is the perfect size for a box of jaffa cakes for on-the-go sustenance,,https://i.redd.it/u0zyqab1a3m01.jpg,1521190229.0,4726,0.94,195,CasualUK,juan-love
84tiwd,Been working on a mobile game... our language options cover all the necessities.,,https://i.imgur.com/H7LRfMn.png,1521182991.0,363,0.95,59,CasualUK,LukeJovanovic
84t7f9,"Dirty van artwork,Cambridge",,https://i.redd.it/kr868ehgb2m01.png,1521178600.0,144,0.98,14,CasualUK,Cause4concern27
84rg75,"A Lego-mad fisherman spent three years building a 24ft scale model of 890ft US warship USS Missouri out of thousands of toy bricks in his garage in Redford, Scotland.",,https://i.imgur.com/deoMJHk.jpg,1521160226.0,59,0.94,17,CasualUK,[deleted]
84pfzg,"It's nice seeing spring bloom, seeing the fruit growing on the trees",,https://i.imgur.com/8GBQl6f.jpg,1521143802.0,165,0.98,9,CasualUK,kenbw2
84pdgz,Why Isn't Cycling Normal in London? (mildly interesting/whimsy video),,https://www.youtube.com/watch?v=gohSeOYheXg,1521143275.0,107,0.97,29,CasualUK,fireball_73
84p2n9,Is it weird to eat alone at Pizza Express?,[deleted],https://www.reddit.com/r/CasualUK/comments/84p2n9/is_it_weird_to_eat_alone_at_pizza_express/,1521140942.0,75,0.99,62,CasualUK,[deleted]
84obaa,"These icons, made my best friends Mum!",,https://i.redd.it/5859f0amqyl01.jpg,1521135302.0,67,0.96,26,CasualUK,ongobay
84ns7k,Conversation between father and child overheard on the bus...,"**(Father and child sat at the front of the upper desk, looking out of window as we pass a car wash.)**

**Child -** Hand car wash!? That's not true, he's using a hose, it should be hose car wash.

**Father -** So he should just use a sponge?

**C -** Yes and a bucket, or change the sign.

**(A little further down the road we pass a parade of shops)**

**C -** Five star fried chicken? Who says so!? I bet it's not *that* good...

**F -** You're quite jaded aren't you?

**C -** I just don't like lies...

I sense a career in Trading Standards is in that little girl's future.",https://www.reddit.com/r/CasualUK/comments/84ns7k/conversation_between_father_and_child_overheard/,1521131318.0,225,0.98,17,CasualUK,spotter_300
84n8fp,We know who you are.,,https://i.redd.it/2j5z40pd2yl01.jpg,1521127122.0,55,0.98,12,CasualUK,5Gs-Plz
84mvj5,The Incredible Hulk was spotted in Blackpool today,,https://i.redd.it/boyom9fvtxl01.jpg,1521124282.0,101,0.98,10,CasualUK,stackablesoup
84mf2a,I'm a wanker.,"Had a driving test this morning. 

Was meant to start at 9:38 so got down to the industrial estate it's on around 8 and started practising manoeuvres and what not. 

Got into the test centre around half 9 only to find out that my test was at 9:18 not 9:38 and I'd left it too long now to sit it for today, so I've had to rebook for a months time at a total cost of about ¬£110 for the test and the car booked for two hours. 

Worst part is I was sat watching the previous tests (that I should have been on) go out with my instructor. Commenting on the free parking space chatting to him about ""what kind of wanker would book a test and not show up??"". 

Me. I'm the kind of wanker that would do that.",https://www.reddit.com/r/CasualUK/comments/84mf2a/im_a_wanker/,1521120289.0,440,0.99,75,CasualUK,Raregan
84m5np,What are you on Anne,,https://i.redd.it/mpqzj0wmaxl01.jpg,1521117789.0,10967,0.97,392,CasualUK,unluckyassumption
84lc2q,Found this little storage bunker when out for a walk...,[deleted],https://i.imgur.com/6ny7ECE.jpg,1521108367.0,70,0.98,32,CasualUK,[deleted]
84lbui,Nothing ruins your Friday worse than realising that it's Thursday,,https://www.reddit.com/r/CasualUK/comments/84lbui/nothing_ruins_your_friday_worse_than_realising/,1521108290.0,267,0.98,43,CasualUK,kumquat_may
84la3j,Seen on Quora today. Savages.,,https://i.imgur.com/gjkrVwa.png,1521107620.0,114,0.97,53,CasualUK,TheWhiteRecruiter
84l4xv,My local park has a ‚ÄòFootball Thunderdome!‚Äô,,https://i.redd.it/c60et8g9awl01.jpg,1521105558.0,133,0.99,25,CasualUK,pyro3366
84l2t8,Everyone pictured next to a pothole looks like they're posing for a rap album cover,,https://i.redd.it/ri4qjd4k7wl01.jpg,1521104691.0,389,0.98,57,CasualUK,jayen106
84k8u8,I love listening to people in pubs,"Overheard this conversation in a pub.

Man: I did Spag Bol last night with all the trimmings.

Barmaid: What like from scratch?

Man: Yeah I do it all proper. I got them Lloyd Grossman sauces. But I don't like spaghetti so I just have it with potatoes.

And there's me just grinning into my pint.",https://www.reddit.com/r/CasualUK/comments/84k8u8/i_love_listening_to_people_in_pubs/,1521093116.0,2255,0.96,351,CasualUK,DonTurt
84hig8,Your fog lamps are on!,,https://v.redd.it/o67rchul3ml01,1521065968.0,155,0.94,1,CasualUK,[deleted]
84frbh,"""Ah no, he's actually floating""",,https://vtt.tumblr.com/tumblr_o8gc14ZCKU1r3uvu0_480.mp4,1521052520.0,90,0.97,26,CasualUK,throwawayproblems198
84fmac,The most British headline ever?,,https://i.redd.it/3dr6rdomtrl01.jpg,1521051535.0,534,0.99,35,CasualUK,MellotronSymphony
84f67b,Can someone explain this to me? (West ham),,https://i.redd.it/kfpwl2lujrl01.jpg,1521048247.0,48,0.93,21,CasualUK,Fishman101
84eziy,Some smart Alec was arriving at London City Airport today.,,https://i.redd.it/7bahpm6rfrl01.jpg,1521046871.0,80,0.96,5,CasualUK,FastEddie69
84eqsc,How Formation Flying Works (feat. the Red Arrows!) - Tom Scott,,https://www.youtube.com/watch?v=RYGFczNMAMk,1521045121.0,49,0.96,21,CasualUK,MattyFTM
84dklr,RIP Jim,,https://i.redd.it/rcbkolgajql01.jpg,1521035954.0,554,0.98,35,CasualUK,OhHiFelicia
84d9st,Why does this just read like BBC are sympathetic,,https://i.redd.it/tug670h3bql01.jpg,1521033194.0,702,0.98,43,CasualUK,aaronc48
84d83e,Bullseye host Jim Bowen dies at 80,,http://www.bbc.co.uk/news/entertainment-arts-43403178,1521032757.0,264,0.97,86,CasualUK,Shumaa1
84cr73,Today at Tower Hill station,,https://imgur.com/r6ffHXH,1521028214.0,4468,0.95,72,CasualUK,TARS-CASE
84bljs,Casual UK getting a mention on the BBC,,http://www.bbc.co.uk/news/technology-43383766,1521013213.0,303,0.97,100,CasualUK,Cdh790
8497vl,The Perils of Having an American SO,"She thinks ""Heads Down, Thumbs Up"" is called ""Heads Up, Seven Up""...

What is wrong with these backwards rebel scum?",https://www.reddit.com/r/CasualUK/comments/8497vl/the_perils_of_having_an_american_so/,1520987723.0,78,0.94,63,CasualUK,MyLittleDashie7
848sk7,Day off sick started like this...,,https://i.imgur.com/tjuIB6a.jpg,1520983938.0,106,0.96,1,CasualUK,spicerldn
848rc3,MI6 have discovered the assassins hideout. Possible links to Russia suspected.,,https://i.redditmedia.com/pd1YM8EKSGksDAeT8fBlgMJtxRtUXoSWJwQDSreDvb0.jpg?w=1024&amp;s=124d4439ea7274f251ae628a14181f7f,1520983632.0,3196,0.98,47,CasualUK,GSPsLuckyPunch
848i1k,CasualUK is turning into NostalgiaUK. What are you looking forward to?,,https://www.reddit.com/r/CasualUK/comments/848i1k/casualuk_is_turning_into_nostalgiauk_what_are_you/,1520981480.0,66,0.95,106,CasualUK,thoughtspasm
8482f1,This young lady recieved a telegram from the Queen for being 100 years old. She let her postie take her picture on the condition 'everyone' would see it!,,https://imgur.com/ZMfekbp,1520978148.0,312,0.94,44,CasualUK,CJ105
847h8i,"If you didn't get a millennial railcard, you can now just wave an avocado at Virgin trains and they'll match the discount.",[deleted],https://www.virgintrains.co.uk/avocard,1520973658.0,142,0.99,41,CasualUK,[deleted]
846h4o,Just one of the reasons I love living in Brighton....,,https://i.redd.it/y4kob0ngqkl01.jpg,1520965728.0,74,0.97,13,CasualUK,HarveyHaddock
846c22,I can see my house from here! The UK and Ireland taken by Tim Peake from the ISS,,http://i.imgur.com/mRuaHZA.png,1520964714.0,592,0.98,68,CasualUK,lackofemotions
845t6t,Tesco featuring a story about itself the next day,,https://i.redd.it/95tf2bjjbkl01.jpg,1520960851.0,119,0.95,14,CasualUK,Flame885
845j71,Is there any way we could facilitate meet ups here for people who feel a bit lonely or down?,[deleted],https://www.reddit.com/r/CasualUK/comments/845j71/is_there_any_way_we_could_facilitate_meet_ups/,1520958846.0,66,0.97,58,CasualUK,[deleted]
8450j1,Exceptional analysis only on Sky.,,https://i.redd.it/6d9xt7rkujl01.jpg,1520954996.0,148,0.97,28,CasualUK,RealitysAtombin
844z2y,I love this cozy little Brit shop in the Netherlands,,https://i.redd.it/uo3vkwuktjl01.jpg,1520954691.0,148,0.96,51,CasualUK,[deleted]
844gxd,Even Stoke‚Äôs fixtures are laughing at them,,https://i.imgur.com/glVeK8f.jpg,1520950637.0,311,0.96,12,CasualUK,Hassaan18
8440r5,My neighbour's solution to fixing their fence,[deleted],https://i.redd.it/dnnv8prr5jl01.jpg,1520946658.0,51,0.97,16,CasualUK,[deleted]
843yd5,Throwback to 2003 when Bruce Forsyth hosted HIGNFY and transformed it into a gameshow about WMDs,,https://www.bbc.co.uk/iplayer/episode/p0608rwq/have-i-got-news-for-you-series-25-episode-8,1520946055.0,73,0.96,5,CasualUK,Blurandski
843wfq,[X-Post] Someone tried to reenact the Italian Job last night,,https://i.redd.it/sjdmq010vil01.jpg,1520945592.0,206,0.98,44,CasualUK,[deleted]
843jv0,Who else remembers this absolutely terrifying horror story?,,https://i.redd.it/rutrhef6sil01.jpg,1520942096.0,238,0.97,25,CasualUK,LavaMeteor
8436gx,That glASS though,,https://i.redd.it/indath01fil01.jpg,1520937673.0,60,0.84,13,CasualUK,zanocharge
842xq3,The devil on my shoulder is telling me bad things,,https://i.imgur.com/kpD7NkM.jpg,1520934634.0,284,0.97,35,CasualUK,kenbw2
842vpc,"Ian McDiarmid was good as Palpatine, but Peter Sallis would have been better",,https://youtu.be/P-SVpUvFN8g,1520933850.0,120,0.95,5,CasualUK,Toasterfire
842nld,"PSA : If you own any of these Amazon Basics USB Charger batteries, check your emails, Amazon are recalling them due to a fire hazard.",,https://i.imgur.com/pKftCcC.png,1520930748.0,177,0.96,29,CasualUK,Revantwut
842ire,"Today the 26-30 railcard goes on sale. Good luck: there's only 10,000 to go round",,https://i.redd.it/6vro9rcxnhl01.jpg,1520928915.0,55,0.94,66,CasualUK,Partaricio
842cl8,"This is the ideal male body. You may not like it, but this is what peak performance looks like.",,http://imgur.com/JvtGdso,1520926462.0,13079,0.89,532,CasualUK,scoob666
83yvfy,"Trying to settle a debate with my mates, what on earth do you call these?",,https://i.redd.it/bsay9vr5lel01.jpg,1520891305.0,59,0.95,113,CasualUK,Geralt-oftrivia
83y2wd,[X-Post r/ihavesex] Wonderful evening in.,,https://imgur.com/a0M4u32,1520885428.0,234,0.94,32,CasualUK,RedditYouVapidSlut
83xq0u,Handed in my notice at work,[deleted],https://www.reddit.com/r/CasualUK/comments/83xq0u/handed_in_my_notice_at_work/,1520882802.0,250,0.99,114,CasualUK,[deleted]
83xcge,"If he can get away with this as his name, there's still hope for Eddie Hitler...",,https://i.redd.it/7t3i9aerndl01.png,1520880065.0,127,0.97,27,CasualUK,MJones74
83wyq0,"Thanks Google, for keeping abreast of the the important news of the day",,https://i.redd.it/q9a6or3cfdl01.png,1520877324.0,1331,0.98,64,CasualUK,beagio
83wkk4,"Honestly, I'm more surprised that Ken Dodd was still alive.",[removed],https://www.reddit.com/r/CasualUK/comments/83wkk4/honestly_im_more_surprised_that_ken_dodd_was/,1520874404.0,87,0.97,15,CasualUK,CaptainMcSmoky
83w8wo,"Why European Clocks are Running Slow, and British Clocks Aren't",,https://www.youtube.com/watch?v=bij-JjzCa7o,1520872064.0,303,0.97,36,CasualUK,PbThunder
83vnsl,"It tasted alright, but I think it would've been better if I hadn't missed out the crucial cannibalistic ingredient.",,https://i.redd.it/5ml65ndbmcl01.jpg,1520867499.0,567,0.95,21,CasualUK,[deleted]
83vj51,The passing of a legend. RIP Ken,,http://s1.b3ta.com/host/creative/55979/1242642232/KneelBeforeDodd.jpg,1520866456.0,79,0.92,6,CasualUK,Gonad-Brained-Gimp
83v2wp,Heinz meanz Beanz,[deleted],https://i.redd.it/2gd3x93w7cl01.png,1520862658.0,237,0.96,45,CasualUK,[deleted]
83uxgz,What's your cheap go-to homemade dinner?,"Other than beans on toast...

Mine is stupid simple. Grab a kilo of frozen chicken breasts, dump in slow cooker, add a bit of boiled water, salt, pepper. Whack it on high for 4 hours, shred, top with sauce of your choosing. You'll have enough shredded chicken to last a couple meals.",https://www.reddit.com/r/CasualUK/comments/83uxgz/whats_your_cheap_goto_homemade_dinner/,1520861158.0,69,0.94,202,CasualUK,Disobedientmuffin
83uxbm,Follow your dreams,[deleted],https://imgur.com/VS0gNci,1520861122.0,236,0.95,36,CasualUK,[deleted]
83uwea,"With Toys R Us and Maplin going under, how is Ryman stationary still alive and kicking?",[deleted],https://www.reddit.com/r/CasualUK/comments/83uwea/with_toys_r_us_and_maplin_going_under_how_is/,1520860859.0,79,0.94,86,CasualUK,[deleted]
83utip,"Beach has been a bloody graveyard last few days, tis an ill omen.",,https://i.redd.it/wlxbr4ad0cl01.jpg,1520860100.0,95,0.96,24,CasualUK,RockySprinkles
83ungy,A good boy at Crufts.,,https://i.imgur.com/U8kGG8s.gifv,1520858439.0,1292,0.97,116,CasualUK,[deleted]
83udh3,This Norweigian Air aircraft has a massive portrait of Freddie Mercury on it (x-post r/mildlyinteresting),,https://i.redd.it/4zt83zfuj6l01.jpg,1520855534.0,238,0.97,28,CasualUK,Deadpooldan
83u1ps,Should have used cement.,,https://i.imgur.com/guRVfmc.gifv,1520851478.0,467,0.96,56,CasualUK,[deleted]
83tkt5,One of my staff will have a belting hangover based on his texts from last night.,,https://i.redd.it/exuw8203sal01.jpg,1520845207.0,1469,0.96,177,CasualUK,[deleted]
83tipw,3 years today since we lost the magnificent Sir Terry Pratchett :(,,https://imgur.com/D5u1RyG,1520844413.0,538,0.96,59,CasualUK,a-liquid-sky
83o5wa,The Salisbury branch of MI5 are blending in well...,,https://i.imgur.com/lOqJE8K.png,1520789668.0,488,0.94,40,CasualUK,Revantwut
83o1ia,Ancient tradition.,,https://imgur.com/VyeF4tO,1520788614.0,1262,0.98,16,CasualUK,[deleted]
83o0k9,There's a funny looking cat in my garden,,https://i.imgur.com/NC419e0.jpg,1520788381.0,96,0.96,12,CasualUK,cardboardsleeve
83nyiv,"Are you in, love?",[deleted],https://i.redd.it/qf1zp35n16l01.jpg,1520787878.0,14199,0.95,245,CasualUK,[deleted]
83nw58,Farm girl caf√´ resteraunt review,,https://www.theguardian.com/lifeandstyle/2018/mar/11/farm-girl-cafe-chelsea-we-dont-stay-for-dessert-because-we-have-suffered-enough-restaurant-review?CMP=Share_AndroidApp_Copy_to_clipboard,1520787296.0,58,0.93,11,CasualUK,_Rookwood_
83nlnd,"Sorry mate, I had to hit the brakes",,https://i.imgur.com/j6GzXiq.gifv,1520784608.0,233,0.94,23,CasualUK,[deleted]
83nl2d,Because you ate her out..,,https://i.redd.it/s58cavrgr5l01.jpg,1520784454.0,327,0.97,9,CasualUK,rainbowunicorn317
83ne41,The same person who left the pasta in a pot at the bus stop has continued his rampage,,https://i.redd.it/eowxa0vwl5l01.jpg,1520782590.0,271,0.97,34,CasualUK,RadioaktivAargauer
83n8dv,Questionable sign placement,,https://i.imgur.com/GDVKJlu.jpg,1520780998.0,119,0.97,8,CasualUK,JamDodge
83n011,Anyone fancy being taken up The Ars tonight?,,https://imgur.com/Te1poSt,1520778507.0,215,0.97,15,CasualUK,KumaLumaJuma
83mpvp,When your network provider is lowkey passive aggressive...,,https://i.redd.it/f6kqn5viz4l01.png,1520775190.0,294,0.98,19,CasualUK,Ashipaws
83mdur,Happy Mother's Day from whichever one of you's child dropped this lovely homemade card,[deleted],https://i.redd.it/ebrkj2txl4l01.jpg,1520770561.0,112,0.95,13,CasualUK,[deleted]
83lzpv,A helpful sign in Salisbury.,,https://imgur.com/a/0v1T2,1520764118.0,405,0.97,3,CasualUK,HPB
83lt2k,Remember when Vinnie Jones taught CPR?,[deleted],https://youtu.be/tD2qTmDsiHk,1520760846.0,417,0.97,73,CasualUK,[deleted]
83lsbo,Just a frog i saw last night,[deleted],https://i.imgur.com/kctzgMl.jpg,1520760484.0,340,0.93,52,CasualUK,[deleted]
83lpx9,Somehow I was both expecting this and completely shocked by it,,https://i.redd.it/1p1p1vllo3l01.png,1520759279.0,286,0.98,34,CasualUK,jennyquackles
83ldtv,Police flock to foil cafe ‚Äòburglar‚Äô who turned out to be dedicated baker getting ahead for mother's day rush.,,https://www.edinburghnews.scotsman.com/news/crime/police-flock-to-foil-cafe-burglar-who-turned-out-to-be-dedicated-baker-1-4702526,1520753568.0,75,0.96,5,CasualUK,chilli_addict_tech
83lbot,PSA: The McDonald‚Äôs flat whites are not cup holder friendly.,,https://gfycat.com/ParallelDescriptiveKronosaurus,1520752557.0,82,0.88,53,CasualUK,9DAN2
83lbbx,Happy mother's day to all the mums!,As a mother (lol) I'm enjoying it already because I'm still in bed!  Might get up at some point and play some overwatch...,https://www.reddit.com/r/CasualUK/comments/83lbbx/happy_mothers_day_to_all_the_mums/,1520752398.0,82,0.9,34,CasualUK,linuxrogue
83joy1,I worry that charities are running out of ideas for days...,,https://imgur.com/k5nEQkN,1520732380.0,107,0.97,9,CasualUK,nonexcludable
83j56s,Cut to the chase,,https://youtu.be/3Gs842ZJx7o,1520726833.0,86,0.94,5,CasualUK,[deleted]
83icuj,Alright everyone it's Saturday night let's settle this once and for all. What's the best biscuit? ...and why is it one of these bad boys?,,https://i.imgur.com/WnczeZT.jpg,1520719315.0,115,0.91,88,CasualUK,runeffective
83hyk6,Andrew is a true Brit,,https://i.redd.it/s6j18ldl20l01.png,1520715610.0,90,0.98,6,CasualUK,Weewillywhitebits
83hjtz,Nobody likes a show off,,https://i.imgur.com/VLR59q9.jpg,1520711882.0,58,0.92,1,CasualUK,kenbw2
83h8ez,When you‚Äôre waiting for a bus and 50 turn up at once.,,https://v.redd.it/d76vu3jzizk01,1520709004.0,85,0.95,9,CasualUK,JaekwonTheDon
83fuae,I shouldn't laugh but I can't stop laughing at these two investigating the spy poisoning in Salisbury.,,https://v.redd.it/y9ycvp9xgyk01,1520696329.0,672,0.98,48,CasualUK,Tangled_Wires
83fgxm,Local KFC with even more excuses üò≠üò≠ I just wanted some spicy wings man.,,https://i.redd.it/vy5j9ufv5yk01.jpg,1520692462.0,56,0.9,24,CasualUK,BernalOmega
83faxb,This page from the Ladybird Book of Hangovers sums up my day so far.,,https://imgur.com/DzxLOg4,1520690559.0,243,0.98,15,CasualUK,[deleted]
83f8cl,Darren finally learnt his lesson with the potholes...,[deleted],https://i.imgur.com/lTIcEkl.png,1520689659.0,572,0.98,41,CasualUK,[deleted]
83f3de,I'm just trying to eat my pasty!,,https://imgur.com/t3QmoAy,1520687800.0,127,0.95,33,CasualUK,[deleted]
83es9g,Just uni things,[deleted],https://i.redd.it/wbdv4rfgfxk01.jpg,1520683560.0,151,0.95,78,CasualUK,[deleted]
83en2c,"""Oh, I've never been to Ramsgate.""",,https://imgur.com/oyHCTgM,1520681337.0,78,0.94,2,CasualUK,Monkfish
83edrn,Are we still posting about what we are reading?,[deleted],https://i.imgur.com/PzD4jiF.jpg,1520676983.0,81,0.95,18,CasualUK,[deleted]
83eblc,Cheshire west council called out on Twitter,,https://imgur.com/gallery/WIMhS,1520675997.0,22554,0.95,723,CasualUK,afruitycat
83bcns,Ah the good ol' Royal Mail,,https://i.imgur.com/jAy1trt.jpg,1520639742.0,635,0.97,47,CasualUK,asdfnthn
83axlj,A new pub is opening up in my town. This was the queue for a ticket which entitles you to a free drink and a meal for staff training. Taken Wednesday morning.,,https://imgur.com/a/X3RFv,1520636004.0,127,0.98,51,CasualUK,siacadp
839ome,Apparently it‚Äôs orange Fanta? - Leeds station,,https://i.redd.it/e84fjhfaosk01.jpg,1520625998.0,99,0.96,66,CasualUK,away_worker
839i6w,I met my match at pedantry and word play.,[deleted],https://www.reddit.com/r/CasualUK/comments/839i6w/i_met_my_match_at_pedantry_and_word_play/,1520624629.0,83,0.95,22,CasualUK,[deleted]
839hzt,When you need a masters degree in engineering to change a bulb in a new build,,https://i.redd.it/cqzcmxh3ksk01.jpg,1520624587.0,141,0.99,50,CasualUK,vintage-tea
83961x,Beast from the East - the Irish made a snowman,,https://i.redd.it/rw9majd2iqk01.jpg,1520622036.0,92,0.92,26,CasualUK,pyro3366
8390nk,What are YOU reading?,,https://i.redd.it/woqpci479sk01.jpg,1520620923.0,102,0.96,52,CasualUK,MagnaEstVeritas_
838e00,"When People say ""nothing good came out of the British Empire"" show them this...",,https://i.redd.it/zkdghsj6vrk01.png,1520616235.0,2768,0.96,218,CasualUK,HitlersFidgetSpinner
837wb6,Go home windmill you are drunk,,https://i.redd.it/p15i9hjdkrk01.jpg,1520612603.0,56,0.94,15,CasualUK,friendlypelican
837unf,Gotta love British pub name innuendos,[deleted],https://i.redd.it/hb6y870ejrk01.jpg,1520612244.0,75,0.87,41,CasualUK,[deleted]
837nav,To do list... your mum!,,https://i.redd.it/hyye3doverk01.jpg,1520610730.0,549,0.97,13,CasualUK,RollyMcRollFace
837m3v,Just been kicked off a train because it was running so late...,[deleted],https://i.redd.it/laobyrw2erk01.jpg,1520610458.0,57,0.92,26,CasualUK,[deleted]
837hi2,Dear Morrisons. I don't think that word means what you think it means.,,https://imgur.com/MDjIWQq,1520609386.0,128,0.95,24,CasualUK,ClintonLewinsky
8363hi,Someone was in a hurry this morning,,https://i.redd.it/nvhewcco6qk01.jpg,1520595941.0,2248,0.97,125,CasualUK,beagio
835ozl,Friendly Transpennine Express conductor just told me my train was going to 'Pink Panther Town',Durham Durham,https://www.reddit.com/r/CasualUK/comments/835ozl/friendly_transpennine_express_conductor_just_told/,1520590653.0,123,0.96,18,CasualUK,DrZomboo
835f4a,McDonald‚Äôs Monopoly is back soon. Free hash browns here we come...,,https://i.redd.it/kjszwcfzfpk01.jpg,1520586884.0,73,0.84,56,CasualUK,Klopptomaniac
835cmj,"Pub Quiz on Quotes, The Tube, and General Knowledge. Answers and Video Version in comments!",,https://imgur.com/a/WCLPX,1520585940.0,52,0.89,66,CasualUK,Kerigorrical
833zeu,Anyone else got a divvy dog that thinks he sees something and stands there for 2 days afterwards ?,,https://vgy.me/K4HW8q.jpg,1520569388.0,106,0.95,22,CasualUK,emailrob
8332hr,I paid for your drink,,https://imgur.com/a/B1xjb,1520560328.0,152,0.95,90,CasualUK,[deleted]
831mxx,My parents Dandy/Beano themed toilet.,[deleted],https://i.imgur.com/2If0YeB.jpg,1520548169.0,93,0.97,19,CasualUK,[deleted]
831aqh,The Chuckle Brothers meet the world's skinniest man,,https://i.redd.it/f3ou9icy0mk01.png,1520545530.0,72,0.91,9,CasualUK,[deleted]
83154h,How to dig the ideal British WWI trench,,https://i.imgur.com/BwWxhZF.jpg,1520544277.0,158,0.97,62,CasualUK,[deleted]
830d1u,"A Russian double-agent, an attempted assassination and the perfect location for a modern British spy thriller",,https://i.redd.it/nmfa3g26elk01.png,1520538418.0,113,0.96,25,CasualUK,FroggyWombat
830aqt,I thought I'd had an aneurysm reading this headline from The Independent,,https://i.imgur.com/qOWmsqM.png,1520537916.0,96,0.96,11,CasualUK,_171_
82zym7,Leeds this morning Vs Leeds this afternoon,,https://imgur.com/a/1XEAj,1520535395.0,70,0.91,10,CasualUK,patters22
82z2if,"Things you thought were shite, but turns out they‚Äôre actually quite nice.","So I tried rice cakes today, ‚Äòsnack a jack‚Äô salt and vinegar... They‚Äôre actually quite nice!

Any other surprise nice things?",https://www.reddit.com/r/CasualUK/comments/82z2if/things_you_thought_were_shite_but_turns_out/,1520528789.0,66,0.94,140,CasualUK,Bastardjones
82yyvx,It‚Äôs a London thing.,,https://i.redd.it/uakb6ct1lkk01.jpg,1520528054.0,700,0.98,25,CasualUK,HarveyHaddock
82ymy1,"Tintagel Castle in Cornwall, U.K.",,https://i.redd.it/a9lract6ppi01.jpg,1520525572.0,449,0.98,61,CasualUK,[deleted]
82ylys,These idiots caused a police car to crash then uploaded the video to facebook.,,https://www.youtube.com/watch?v=E46FVuYHkZg&amp;t=2s,1520525387.0,62,0.95,42,CasualUK,dennisthewhatever
82yapy,Lidl say they're investigating after footage emerged of what appears to be a staff member beating a man with a leg of pork as he cycles down the street.,,https://twitter.com/ITVCentral/status/971161061188624384,1520522947.0,162,0.97,25,CasualUK,mark_b
82xlld,"The Beast from the East is one thing, but this is getting ridiculous!",,https://i.redd.it/f8zl4v08ojk01.png,1520517013.0,113,0.97,22,CasualUK,[deleted]
82x3ei,The B stand for brackets,,https://i.imgur.com/Hj4CKW5.png,1520511871.0,136,0.94,38,CasualUK,LightningGeek
82x35i,Add a touch of class to your Jag with a (probably) stolen mascot and a drill. Just be sure to put it in the wrong spot.,,https://i.redd.it/baaqlwxp8jk01.jpg,1520511799.0,78,0.92,8,CasualUK,rearpop
82x327,POV hyperlapse of British queuing in action,,https://v.redd.it/3di2xkxi8jk01,1520511790.0,2807,0.97,197,CasualUK,ApatureEyes
82wyk2,There's no way this sort of thing could be aired now is there? Come Fly and Little Britain were hilarious but bad.,,https://youtu.be/eHLU-mrZ45w,1520510415.0,54,0.87,48,CasualUK,[deleted]
82wwt3,When I try to describe my town to a friend from overseas,,https://imgur.com/a/6lHBC,1520509786.0,201,0.97,92,CasualUK,Pinnacle55
82wsl8,Work colleague's actual tea spoon. Nom.,,https://i.redd.it/g3fnw8b7yik01.jpg,1520508268.0,219,0.96,56,CasualUK,fishing_stig
82wlsf,High Street‚Äôs getting rough.,[deleted],https://i.redd.it/jq6arnruqik01.jpg,1520505790.0,567,0.98,47,CasualUK,[deleted]
82wdfa,"Today is international women's day.....however, it's also World Kidney Day!","Kidney disease affects approximately 2.6 million people in England alone, and disproportionately affects women more than men. 

There is no cure other than transplant. 

People who are going into renal failure require regular dialysis, or they will die. 

Kidney disease is also something that affects me personally. 

A few years ago, I lost my dad due to polycystic kidney disease. This is a genetic condition which causes the kidneys to develop cysts and then shutdown. There is a 50:50 chance that I have it. 

Last weekend, I entered into the Southampton half-Marathon and I am now raising funds for the polycystic kidney disease charity. They're a charity who offer support and information to sufferers and their families, as well as help to find research on this condition which affects more than 1 in every 1000 people. 

If you could check out my just giving page, I'd really appreciate it: https://www.justgiving.com/fundraising/mmacgregor



Admin: I've seen a couple of posts on here regarding charity fundraising and thought this post would be okay, if it's not, please let me know!

",https://www.reddit.com/r/CasualUK/comments/82wdfa/today_is_international_womens_dayhowever_its_also/,1520502775.0,81,0.93,12,CasualUK,MorboDestroyer
82vssy,For fuck sake.,,https://i.redd.it/yeaoh64juhk01.png,1520494920.0,1820,0.97,158,CasualUK,probably420stoned
82vn9t,"In these times of severe austerity, it‚Äôs good to know some of the vital jobs are being protected.",,https://i.redd.it/nmt12o7dohk01.jpg,1520492849.0,239,0.97,49,CasualUK,javaisupdating
82vay5,"Sorry to bring the mood down for a second, but I'm really bloody lonely and it seems increasingly difficult to find a partner.","I'm only 33 so yeah, ""you've got loads of time"" clich√© still applies but let's not use it. I've pretty much been single well, forever. I've had dates and even seen people more than once or twice but let's put it this way: I've never been able to set my relationship status on Facebook to anything other than single. Nothing solid.

Gets a bit lonely, you know?

I'm not ugly, I'm not unsocial and I'm great at making someone feel wanted but here I am posting this. I'm sure I'm not the only one.

For what it's worth, here's me: https://i.imgur.com/VXURYHO.jpg

I keep attending social events, I've tried most dating sites you can think of and dating events. I keep making friends. I have tons of the things. But a romantic interest? Nope. Sort of sick of seeing 75% of my friends in long term relationships while I plod on on my own. Everyone's growing up and getting married and having kids and I'm just stuck.

I've got to be missing something. God knows what it is. I'm confident enough to talk to girls I'm interested in but it's just not going anywhere.

Anyway. Yeah. Sorry for the crap post. I'm just lonely and felt like saying something. ",https://www.reddit.com/r/CasualUK/comments/82vay5/sorry_to_bring_the_mood_down_for_a_second_but_im/,1520488722.0,157,0.93,144,CasualUK,anagoge
82svo1,There's been a local bloke called Carl going around breaking into people's houses for months... (X-post from r/Jokes),,https://www.reddit.com/r/Jokes/comments/82ssz2/theres_been_a_local_bloke_called_carl_going/,1520464928.0,60,0.92,6,CasualUK,JazzBoatman
82s9vl,Looking for love in all the wrong places,,https://i.redd.it/2cehcon6zek01.png,1520460192.0,90,0.98,10,CasualUK,Leelum
82rgnc,This is what the inside of my local pub bog hand dryer looks like,,https://i.imgur.com/IisphdL.jpg,1520454181.0,88,0.93,14,CasualUK,dayus9
82rgev,This modern and totally current bin in Hartlepool,,https://i.redd.it/m35l1ji9hek01.jpg,1520454137.0,3194,0.97,226,CasualUK,ihaveneverbeenwise
82r7vh,Nothing to see here.,,https://i.redd.it/w7bdq6u2cek01.jpg,1520452419.0,210,0.97,11,CasualUK,tjw376
82r6le,Think we might need to update the 'technology' section of our school library.,,https://imgur.com/CBlV8SU,1520452151.0,52,0.94,20,CasualUK,TheBombadillo
82r0t4,I resigned today - thank Christ for that.,"Here's how my yesterday and today has gone:

Yesterday Morning: my director waddles up to my desk, bitches about my staff while they're in ear shot and talks about how when he had my role, he would have fired the lot of them.

Then proceeds to tell me he's just paid 6 figures for a piece of software for the company that we have no need for, and I'd rejected, but who's Head of Marketing took him to a ""simply superb"" dinner a few nights ago. So...... screw all that. This is just the last in a long series of bat shit crazy decisions taken over lovely lunches and fabulous days out. 

Lunchtime: talk to the people at the recruitment agency.... ""good lord OlderJack, talk to these fellows over here tout sweet"". Talk to the nice people who are offering the contract,Nice People are very nice. Nice People check I'll be OK with the day-rate. Hear the day rate, choke back a shriek, very calmly assure them I can make it work, spend the rest of the afternoon wondering what it'll be like being Scrooge McDuck. 

Today - emergency sicky, dress up in suit, be interviewed by Nice People face-to-face, Nice People are wearing tshirts and have a ping pong table, but I don't hold it against them. 

Nice People ask if I can start on Monday. I look confused and ask what month. They look confused, and - frankly - like I'm a little dense and explain they mean in 5 days time. 

Headed back to the office with fantasies of shouting ""damn you all to heck"" and being very American  about the whole resigning thing. Somehow that turned into a polite letter and an even more polite conversation where I apologised for leaving and the inconvienience it would cause.

Much grumpiness from Director about him being left in the lurch. Feel not a jot of remorse about that. Feel sad about my teams, apologise to my teams. Take teams for beer, teams are now happier. 

So .... that was my day. I hope yours was OK as well.  ",https://www.reddit.com/r/CasualUK/comments/82r0t4/i_resigned_today_thank_christ_for_that/,1520450947.0,193,0.98,41,CasualUK,OlderJack12345
82qto2,Interesting episode of This Morning,,https://i.redd.it/4dhk47c93ek01.jpg,1520449519.0,801,0.97,52,CasualUK,RDHertsUni
82pver,So we made it to the BBC,,https://i.redd.it/d4dv5pxuidk01.jpg,1520442568.0,242,0.94,67,CasualUK,reluctant_redditer
82peby,The wonderfully inconsistent groupings of British and Irish sport associations (xpost from /r/dataisbeautiful),,https://i.redd.it/cuwgx07b8dk01.png,1520439053.0,273,0.95,45,CasualUK,Udzu
82p1tp,All streets with terraced houses should be painted like this.,,https://i.imgur.com/bK656g6.jpg,1520436321.0,154,0.95,41,CasualUK,euroclives
82o5tt,Man held by police is released after going 47 days without having a poo,,https://www.mirror.co.uk/news/uk-news/man-held-47-days-without-12142775,1520428467.0,88,0.96,54,CasualUK,M_McFly
82o12h,Who would Win? (Nigel Edition),,https://i.imgur.com/Tk1VpvN.jpg,1520427143.0,144,0.89,55,CasualUK,Warp__
82nyoi,Rik Mayall Appreciation Thread,According to twitter it is Rik Mayall Day.  I dont think I've ever been so gutted about a celebrity dying as I did when Rik went.,https://www.reddit.com/r/CasualUK/comments/82nyoi/rik_mayall_appreciation_thread/,1520426449.0,138,0.96,57,CasualUK,flappityflap
82nyh6,Manager who I used to work with can't spell inconvenience,,https://i.redd.it/6zkasiir6ck01.jpg,1520426394.0,300,0.96,22,CasualUK,Tubec
82nndk,Waitrose is really going downhill,,http://i.imgur.com/kMEYLEY.gif,1520422791.0,193,0.92,24,CasualUK,[deleted]
82njpn,First UK polar bear cub in 25 years emerges from den,,http://www.bbc.co.uk/news/uk-scotland-highlands-islands-43315406,1520421457.0,58,0.94,1,CasualUK,NEWSBOT3
82ncjo,I made a useful guide for all you parents...,,https://i.imgur.com/y0lC3fV.jpg,1520418877.0,2021,0.95,95,CasualUK,albo_underhill
82n7fd,"Here, we are witnessing a flock of agitated commuters, unable to enter the station due to the fact that the train companies are useless knobheads.",,https://i.redd.it/ejsas4p2fbk01.jpg,1520417086.0,113,0.97,17,CasualUK,[deleted]
82mhum,Some wholesome graffiti on my way to work,,https://i.redd.it/d4qo350omak01.jpg,1520407528.0,181,0.93,19,CasualUK,jrp1992
82m82g,'you tit!',,https://streamable.com/hddwk,1520404197.0,465,0.97,49,CasualUK,miraoister
82jgpb,"Your writers were so preoccupied with whether they could, they didn't stop to think if they should...",,https://i.redd.it/f9p70un748k01.jpg,1520377112.0,65,0.96,5,CasualUK,dorgoth12
82j59h,"It is not exactly a Greggs, but they have...",,https://i.redd.it/vjzp4ue0x7k01.jpg,1520374691.0,77,0.95,9,CasualUK,QuQuTrain
82iebq,Queenie sees some cows,,https://gfycat.com/DimpledShrillCanadagoose,1520369007.0,17174,0.94,380,CasualUK,jptoc
82i9jj,"Virgin trains being wacky bastards, Sumo wrestling? At a train station!? You mad lads you know full well nobody does that at train stations.",,https://i.redd.it/771mf75wc7k01.jpg,1520367978.0,57,0.94,9,CasualUK,LeopoldFender
82i3kv,Tough one.,,https://i.redd.it/7zq8sn5597k01.jpg,1520366699.0,186,0.96,6,CasualUK,[deleted]
82hy8c,"Penguin Chocolate Biscuits should have a dark chocolate version where the jokes on the back of the wrapper are ""darker""",[deleted],https://www.reddit.com/r/CasualUK/comments/82hy8c/penguin_chocolate_biscuits_should_have_a_dark/,1520365564.0,198,0.96,39,CasualUK,[deleted]
82hvee,The wife has gone away for a few days...,[deleted],https://www.reddit.com/r/CasualUK/comments/82hvee/the_wife_has_gone_away_for_a_few_days/,1520364933.0,162,0.98,110,CasualUK,[deleted]
82hs0y,The man next to me on the bus keeps taking a windscreen sponge out of his bag and wiping his window.,Not really sure how to react.,https://www.reddit.com/r/CasualUK/comments/82hs0y/the_man_next_to_me_on_the_bus_keeps_taking_a/,1520364235.0,55,0.93,23,CasualUK,GreenBeret4Breakfast
82hlwy,I thought it fitted here,,https://i.redd.it/akqtvmt4y6k01.jpg,1520362963.0,52,0.9,2,CasualUK,Blake_Corry
82hi45,"I know Americanisation is a thing in the UK, but this is a bit too ‚ÄúDeep South‚Äù for my liking...",,https://i.redd.it/zuzt344wv6k01.jpg,1520362206.0,221,0.94,29,CasualUK,EverythingIsByDesign
82gynd,Some graffiti from my town that's been there for a while,,https://i.redd.it/ezy1m3lhk6k01.jpg,1520358370.0,580,0.97,53,CasualUK,WorryingSeepage
82gpid,Local takeaway must have been stung before.,,https://i.redd.it/kpdk232me6k01.jpg,1520356407.0,53,0.93,22,CasualUK,Sluzzzy
82fnrf,10 years experience to work in a pasty shop. Really?!,,https://i.redd.it/8ub2m44oq5k01.png,1520348345.0,647,0.97,171,CasualUK,phil24jones
82f7qn,Bill Turnbull has prostate cancer :(,,https://www.bbc.co.uk/news/amp/entertainment-arts-43293328,1520344541.0,98,0.95,21,CasualUK,Sniper_Guz
82eznc,I became my dad today. I was stripping a couple of old wardrobes for the rubbish tip and took out all the little screws in case they'd be useful in the future.,,https://www.reddit.com/r/CasualUK/comments/82eznc/i_became_my_dad_today_i_was_stripping_a_couple_of/,1520342273.0,155,0.98,61,CasualUK,mykeuk
82ed2b,Show me your pets,"Bored at work. Please share photos of your pets to keep me entertained.

In the interest of fairness, meet Hillary:

[Image 1](https://i.imgur.com/H1jXVp4.jpg)

[Image 2](https://i.imgur.com/zrRJwEZ.jpg)",https://www.reddit.com/r/CasualUK/comments/82ed2b/show_me_your_pets/,1520335699.0,75,0.93,174,CasualUK,ModerateDanger
82eayo,"Probably the most hellish looking house of god in the UK? Clifton cathedral, Bristol",,https://i.redd.it/hr4ha5o2n4k01.jpg,1520335022.0,498,0.98,78,CasualUK,Hatman2413
82e5uf,"This is a long shot, and possibly not allowed, but my dog went missing from Godstone, Surrey, yesterday morning. He's a wiry-haired black and tan terrier.",[deleted],https://www.reddit.com/r/CasualUK/comments/82e5uf/this_is_a_long_shot_and_possibly_not_allowed_but/,1520333204.0,336,0.96,22,CasualUK,[deleted]
82dz7m,Here's some fantastic architecture: A McDonalds shaped like a UFO on the A14. It was sadly torn down in 2008,,https://www.monstersandcritics.com/wp-content/uploads/2017/01/ufo-mcdonalds.jpg,1520330831.0,1592,0.98,79,CasualUK,_rickjames
82d82a,I see your high class m6 architecture and raise you to my home villages church formely known as the pineapple church sadly closed in 2004. God knows what the airplane tail looking thing is next to it?,,https://i.redd.it/itv4v364g3k01.jpg,1520320611.0,1260,0.96,81,CasualUK,Thomasvictoriaemmy
82cbic,My friend has been saving his bacon fat for years. It‚Äôs not just me who thinks he‚Äôs a grotty cunt?,,https://i.redd.it/1sm2qkltk2k01.jpg,1520310052.0,121,0.94,82,CasualUK,Harry_monk
82ay28,"So for those who saw my post about my mums 2CV this is how poor Georgie was found in Withington, Manchester Thank you for all your help and support. No forensics were ordered and no CCTV can be viewed due to lack of resources and funding apparently.",,https://i.redd.it/ef4i7jcuh1k01.jpg,1520296942.0,488,0.99,125,CasualUK,elizadont
82a42v,I'm glad such an important question has been asked,,https://imgur.com/c3wrwwd,1520289787.0,64,0.92,14,CasualUK,[deleted]
829mxs,The geordie accent according to americans...,,https://www.youtube.com/watch?v=Ei1DnFdJrww,1520286195.0,61,0.92,48,CasualUK,FaragesWig
829m36,"Knew it had got cold, but not that cold...",,https://i.redd.it/ozpoi1xbl0k01.jpg,1520286012.0,68,0.94,13,CasualUK,reluctant_redditer
829d5s,In case you missed it. Channel 4 made a documentary about the week of snow.,,https://imgur.com/DIuDgDk,1520284090.0,81,0.93,7,CasualUK,maybeillcatchfire22
827zo6,I can't say I'm shocked I found these in the reduced bit,,https://i.redd.it/fa6m6vwvkzj01.jpg,1520273799.0,63,0.92,13,CasualUK,PM_ME_CAT_TOES
827qfo,Eurovision: The UK's selection!,"/r/CasualUK has been selected by /r/Europe as the UK's official subreddit for the Reddit Eurovision song contest, in order to select the best pan-european song of the year. 
 
We will be competing against all the other European subreddits so get your game face on. 
 
__________________________________________________

We will proceed in two steps for the national selections:

1 - a thread to submit your idea of what is the best song of the year for your country.

2 - a thread to vote for the best one, which will compete for the Eurovision title.

Feel free to submit and comment, as songs will be aggregated to make a national playlist for everyone to enjoy!

Let's have fun!  
 
__________________________________________________
 
**Rules of submission** 

Accepted submissions must meet the following requirements :

- The submission link must be a YouTube link to an official video clip (no more than 50M views)

- The submitted song must be mainly sung in our official national language.

- **The submitted song must have been released between 01-01-2017 and 01-03-2018**

- The submitted song must be original (not a translation/cover)

- The singer/band must originate from the UK. 
_____________________________________________________________________________

**For an entry to be acceptable, it shall respect the following template** :

  * [*Artist* - *Title*](link) (genre)    
 
  ""Little text to describe the song and explain why it should be selected - /u/username""  
 
_____________________________________________________________________________

I will aggregate the submitted songs and make a YouTube playlist.

Thank you all in advance for your submissions and your enthusiasm! 
 
__________________________________________________ 
**Please stay civil and do not insult other users taste in music!** 
 
__________________________________________________ 
 
I will add the songs below here: 
 
",https://www.reddit.com/r/CasualUK/comments/827qfo/eurovision_the_uks_selection/,1520271905.0,144,0.97,148,CasualUK,[deleted]
826r55,In the queue for filming Pointless,I've peaked. My life will be downhill the rest of the way now!,https://www.reddit.com/r/CasualUK/comments/826r55/in_the_queue_for_filming_pointless/,1520264112.0,146,0.93,39,CasualUK,padestel
8260ub,"Reddit person hopes that Rachel Shenton does not win an Oscar for 'The Silent Child', as she is his landlord and is ""a massive fucking bitch"". (She won the Oscar).",,https://np.reddit.com/r/movies/comments/8221mr/official_oscar_thread_2018/dv6wgnz/,1520257685.0,152,0.96,23,CasualUK,[deleted]
825x3e,I live on the Isle of Wight! AMA,Ever wondered where the UK stores its pensioner population? Want to know about interbreeding and how to give your children webbed feet? Ask away!,https://www.reddit.com/r/CasualUK/comments/825x3e/i_live_on_the_isle_of_wight_ama/,1520256589.0,89,0.9,143,CasualUK,Dan_clarke96
825ubc,Who knew people still spoke like this online?,,https://i.redd.it/ffnihkeb3yj01.jpg,1520255736.0,289,0.94,124,CasualUK,damnmoon
824yt1,Gary Oldman wins best actor Oscar for Darkest Hour,,https://www.theguardian.com/film/2018/mar/05/gary-oldman-wins-best-actor-for-darkest-hour-at-oscars-2018,1520244851.0,88,0.88,32,CasualUK,[deleted]
824sz8,I found out to my surprise that one of the chuckle brothers has started a new career in Madrid.,,https://i.redd.it/lr0a79q50xj01.jpg,1520242569.0,108,0.88,8,CasualUK,Menya_zavoot_dave
821b4g,"Woman in front of me at Sainsburys bought 24 creme eggs, a bunch of corner yogurts and 3 bottles of hard liquor.",Now that's a Sunday afternoon.,https://www.reddit.com/r/CasualUK/comments/821b4g/woman_in_front_of_me_at_sainsburys_bought_24/,1520203968.0,86,0.91,43,CasualUK,SkinsuitModel
8213tv,A friendly reminder that Mother's Day is next week.,Just in case you were inadvertently going to leave it to Saturday evening before panic buying a card and gift,https://www.reddit.com/r/CasualUK/comments/8213tv/a_friendly_reminder_that_mothers_day_is_next_week/,1520202179.0,65,0.95,27,CasualUK,whatapileofshihtzu
820x31,When your mates holding a hot drink,,https://i.redd.it/aikeg39cjtj01.jpg,1520200591.0,89,0.84,38,CasualUK,CommissarGnome
820s3w,Found an interesting Wine Gum -- kind of reminds me of something.,,https://i.imgur.com/3YwmKL2.jpg,1520199449.0,72,0.9,20,CasualUK,sutpenicity
820a00,A wild Phil Mitchell appeared.,,https://v.redd.it/qmxysfv03tj01,1520195141.0,3288,0.96,52,CasualUK,tessrkt
82076v,Pretty happy with how my roast beef turned out today.,,https://i.redd.it/97rzy0n21tj01.jpg,1520194450.0,213,0.91,58,CasualUK,tessrkt
81zp09,Tesco being unusually honest,,https://i.redd.it/20r80dexnsj01.jpg,1520190036.0,446,0.96,42,CasualUK,[deleted]
81zfhn,What is/was the BEST British comedy series? Please explain your choice,"Obviously the likes of 'Yes Minister' are too political and the likes of 'Friends' are not British. Choose carefully and please say why its is the best in your mind.


EDIT: the shame of it taking 2 hours before ANYONE mentioned Dad's Army.

EDIT 2; 120 comments, 4 hours and no Monty Python. [REALLY!!! ](https://www.youtube.com/watch?v=4vuW6tQ0218)",https://www.reddit.com/r/CasualUK/comments/81zfhn/what_iswas_the_best_british_comedy_series_please/,1520187765.0,54,0.95,206,CasualUK,TheShyPig
81zbxz,Happy roast dinner day!,,https://i.redd.it/wlvzqd4oesj01.jpg,1520186925.0,75,0.85,34,CasualUK,Clomojo87
81z96j,HaüÖ±Ô∏èüÖ±Ô∏èock,,https://i.redd.it/ykp2dncucsj01.jpg,1520186299.0,226,0.91,64,CasualUK,[deleted]
81yvkw,Frozen canal locks are reyt cool.,,https://i.redd.it/9gucpw0q2sj01.jpg,1520182896.0,318,0.98,8,CasualUK,justhowulikeit
81yru7,Who's testing this? I mean how sticky is sh*t?,,https://i.redd.it/iaq5w2o10sj01.jpg,1520181999.0,125,0.95,31,CasualUK,jacobs_911
81yg1f,"The Very British hangover scale [extracted from Very British Problems Volume III: Still Awkward, Still Raining]",,https://i.redd.it/9akz5xcu8nj01.jpg,1520178965.0,261,0.94,56,CasualUK,xognitx
81y8lr,A footpath marking in Guildford...,,https://i.redd.it/w5l94qu0lrj01.jpg,1520176946.0,882,0.98,71,CasualUK,DolorousAd
81y467,Chips served in a cut open can.,,https://i.redd.it/xdf4k513zlj01.jpg,1520175658.0,185,0.95,69,CasualUK,[deleted]
81xsoy,Free smoke grenade with onine shopping order delivery!,,https://imgur.com/VtNHnXF,1520171985.0,72,0.91,39,CasualUK,caketiger
81xjqz,Some nob stole my Dominos last night and I'm still furious about it,"I ordered a Dominos last night at about half 8, well hungry as I'd been in bed most of the afternoon with an absolutely banging headache. I sat there hungrily creating the perfect meal, large custom pizza, chicken sides, potato wedges, a bottle of Coke, a true masterpiece. I'm well up for a nice pizza and a cuddle with the missus with an episode of QI.

I'm sitting there watching the little guy tick over from Order, to Prep, to Baking, to Quality Check, back to Prep again \(who knows what happened there\), back to Baking and Quality Check and then *finally* out for delivery. I'm watching the little car on the app slowly make its way to my house, until... nothing. The knock never comes, the app says it's been delivered and that smug prick Dom is telling me to enjoy my meal.

So I give it 10 minutes until I finally muster up the courage to phone Dominos and coyly ask where my fucking pizza is. it's 10pm at this point and me and the missus are absolutely Hank Marvin. They say they delivered it, the delivery driver has gone out on another run and after a few minutes of them in a panic discussing it:

&gt;Dominaut A: ""what do you mean they haven't got it""  

&gt;Dominaut B: ""11 *A*?""  

&gt;Dominaut A: ""shit""  

&gt;Dominaut C: ""what are we gonna do""  

&gt;Dominaut A: ""we're just going to have to make it again""

So yeah they're going to have to make it again and it's going to be about 20 minutes. Okay. Fine. 20 minutes.

*10 minutes later* I hear a knock at the door and go to answer it. Nobody's there. At my feet is a small pile of Dominos boxes. I pick them up. Empty. I bring it inside and open it, nearly all the boxes are empty except for the pizza box, which is full of crusts, and the chick\-n\-mix box which is full of other assorted half eaten scraps.

I phone Dominos up to tell them what just happened.

&gt;Me: Hi, yeah it's me the guy with the stolen pizzas  

&gt;Dominaut: Oh yeah, 11A?  

&gt;Me: Yeah, err, they've just turned up, empty, on my doorstep.  

&gt;\(I am on speakerphone at this point\)  

&gt;Dominaut: Oh. Err, okay.  

&gt;Me: Do you know where they were actually delivered it?  

&gt;Dominaut: I'm afraid the driver's gone on another run, but there should be someone with your fresh pizza coming in about 10 minutes

It is now 10:20, I'm about to enter a diabetic coma hunting the house for scraps \(we're out of the traditional British snow bread and milk meal\) and the delivery driver finally turns up. We explain why we have a load of empty pizza boxes in our hallway, and she is in hysterics. We're trying to explain this whilst on the edge of mauling her for our pizzas. She left and we finally got to enjoy our pizza.

So here's what I want to know. Nicking a pizza that's been paid for and delivered to you by mistake? Fine. The only person losing out here is Dominos and they're just going to eat the cost of that anyway. You just blagged yourself some good pizza at the expense of my time and Dominos' bottom line. The bit I don't get is the knock\-and\-run fly tipping of the leftovers. *What happened here. Why would you rub it in our faces like that.* We're still trying to figure it out. Our best guess is it got delivered to one of the neighbours, they ate it without realising and then in a panic after they realise*d the box has my fucking address on it and they didn't order any piz*za they did the knock of shame and dropped off the leftovers.

Answers on a postcard.

Edit: [Bonus pic](https://imgur.com/a/SwmFl) of everything I was left with on my doorstep. The two blue boxes were completely empty sans the grease proof paper.",https://www.reddit.com/r/CasualUK/comments/81xjqz/some_nob_stole_my_dominos_last_night_and_im_still/,1520168680.0,683,0.96,211,CasualUK,CaptainDjango
81x6qp,"Woke up early, decided to pop into asda to grab a bottle of coke. Found this instead.",,https://v.redd.it/y7esc2ageqj01,1520163110.0,1438,0.96,173,CasualUK,WildSusano
81x5rj,Sir Roger Bannister: First man to run a mile in under four minutes dies at 88,,http://www.bbc.co.uk/sport/athletics/43273249,1520162581.0,302,0.97,24,CasualUK,[deleted]
81x2yj,Offensive,,https://i.redd.it/zw7vdmleaqj01.jpg,1520161280.0,265,0.96,29,CasualUK,fsv
81x2gb,"This cat has a whole street of student owners in Manchester, who all spoil it rotten",,https://thetab.com/uk/manchester/2018/01/31/somebody-posted-about-their-student-houses-cat-on-fsg-and-now-everyone-is-claiming-shes-theirs-32174,1520161053.0,415,0.97,44,CasualUK,Xogog
81wm5z,Snowmageddon - and on the 7th day the snow rested,"Please use this thread for anything snow related, including bread / milk shortages at supermarkets. 

I think the snow is starting to disappear in a lot of places and this will likely be the last megathread. ",https://www.reddit.com/r/CasualUK/comments/81wm5z/snowmageddon_and_on_the_7th_day_the_snow_rested/,1520153091.0,59,0.92,76,CasualUK,GFoxtrot
81wffg,Use your auto suggest feature to create a new Harry Potter book.,"Type ‚ÄúHarry Potter and the‚Äù and then use the generated suggestions to add the rest. 

Harry Potter and the new Chuckle Brothers ",https://www.reddit.com/r/CasualUK/comments/81wffg/use_your_auto_suggest_feature_to_create_a_new/,1520150051.0,58,0.92,222,CasualUK,vbloke
81uxrz,"When you order a large T-Shirt online, and it turns out to be an American large",,https://i.imgur.com/XnfECik.jpg,1520130513.0,295,0.96,23,CasualUK,mynameisfreddit
81tppb,I can just sense the disappointment in this poor persons face...,,https://i.imgur.com/8OQvo4A.jpg,1520118006.0,716,0.99,39,CasualUK,PensivePengu
81t9eo,Anyone just watch Casualty?,Will's mum from The Inbetweeners had a pretty big role. In the background of one of her outside scenes was Simon's shitty yellow car with the red door :),https://www.reddit.com/r/CasualUK/comments/81t9eo/anyone_just_watch_casualty/,1520113719.0,62,0.95,16,CasualUK,Traffodil
81t4gm,Why do my local takeaways always add 15 minutes to my delivery time and then show up half an hour early?,"I think they are trying to look impressive by being early, but it just startles me when they turn up way earlier than expected!

EDIT: The fucker just turned up half an hour early!",https://www.reddit.com/r/CasualUK/comments/81t4gm/why_do_my_local_takeaways_always_add_15_minutes/,1520112445.0,63,0.97,28,CasualUK,ShartsAndMinds
81siz1,Holly Willoughby may the force be with you,,https://www.youtube.com/watch?v=4EYnIlq71O4,1520106924.0,86,0.94,23,CasualUK,ThreeSevenFiveMe
81sa1a,Saw this bad boy in town a few weeks ago,,https://imgur.com/oAMZW0b,1520104621.0,118,0.98,20,CasualUK,sureiszarboninhere
81rpuu,Having your bin emptied and stolen to steal even more.,,https://i.redd.it/33ax5zq37lj01.jpg,1520099671.0,59,0.96,17,CasualUK,Huntrinity
81r8ki,"I just lobbed a tea bag across the break room, straight into the bin. As it went in, someone on the football highlights playing in the background scored and I'm pretending the cheers are for me.",Is this normal?,https://www.reddit.com/r/CasualUK/comments/81r8ki/i_just_lobbed_a_tea_bag_across_the_break_room/,1520095436.0,477,0.97,16,CasualUK,WirBrauchenRum
81pkrw,Rumblede.......what???,,https://i.redd.it/43lbdg718jj01.jpg,1520075727.0,165,0.95,46,CasualUK,andyhazlewood
81ph21,"Husband and I are staying over at my parents' in my childhood bedroom. Even if we were going to do anything NSFW, we're not anymore...",[deleted],https://i.redd.it/d7dizgp03jj01.jpg,1520074036.0,350,0.95,53,CasualUK,[deleted]
81pff1,I can't tell if the Wikipedia page for 'Woodlouse' has been vandalised or,,https://imgur.com/2C2fLiZ,1520073264.0,163,0.98,70,CasualUK,fireball_73
81pd0x,Hairy arsed Step-son broke my bath,"30 year old hairy cracked, hairy backed, hairy legged fucknut decided to defoliate with the agent orange version of hair removal tools Imac - Over a period of 4 days.

Bath has been blocked for 3 days now and assaulted with a variety of chemicals and frenzied plunging by myself.

Upside of this is that it appears his arse shrapnel had collected in the angle joint of the drain where it exits the house. In a variety of the frozen.boiler condensate pipe treatment I've just been up my ladders in the shitty snow and ice, with a boiled kettle to soften his iced up fluffberg.

Fucker did nothing but Xbox and sleep, but only has one bald leg, so I guess that's some form of justice.





UPDATE:

On returning home yesterday evening, we were somewhat aghast to discover what could only be described as a series of extra large spunk like stains tracking across our dining room ceiling. Almost as if a large Silverback had been lying there having frenzied thoughts about Sigourney Weaver.

To cut to the chase, it would appear my own frenzied plungering in the bath, (something I normally keep to myself!!!) had dislodged the seals on the U-Bend and trap. The remains of yesterday evening were spent doubled up in a 1 foot space, removing the U'ey, cleaning, tightening and refitting, to only cross thread the fucking bastard connector to the now unblocked waste pipe, for fucks sake.

UPDATE 2:

Called in the cavalry, in the form of a Master Builder friend, who after detailed inspection has declared the U-Bend off the bath a plumbers job. The connector wasn't cross threaded, but the waste pipe from the sink is at such and angle that the joints can't be joined up level. Guess it's lasted 15 odd year, which he was amazed at, seeing it is such a complex mass of pipes for what should just be a simple U-Bend. 

Hairy crack has just arisen. Hope he enjoys his fucking Veetabix :)
",https://www.reddit.com/r/CasualUK/comments/81pd0x/hairy_arsed_stepson_broke_my_bath/,1520072123.0,168,0.94,97,CasualUK,WattooWattoo
81oyag,"Domesday Reloaded: in 1986, the BBC celebrated the 900th anniversary of the Domesday Book by updating it. In 2011, the BBC put it online. Type in your postcode and see what your town was like in 1986.",,http://www.bbc.co.uk/history/domesday,1520068441.0,117,0.96,11,CasualUK,Dos_Manos
81mcyy,"The biggest contributing factor to my anxiety, growing up",,https://i.redd.it/sd0wbpwr0hj01.jpg,1520049123.0,3376,0.94,343,CasualUK,CCmikeyP
81jloa,A relic of the good old days,,https://i.redd.it/mjugm6r4mfj01.jpg,1520032036.0,58,0.92,14,CasualUK,antmonty
81j28e,An 18 year old girl I know has terminal cancer.,[deleted],https://www.reddit.com/r/CasualUK/comments/81j28e/an_18_year_old_girl_i_know_has_terminal_cancer/,1520029085.0,139,0.87,11,CasualUK,[deleted]
81hgwe,Nothing like a quick fag to ease the stress,,https://i.redd.it/wkgl5c3soej01.jpg,1520020820.0,49,0.89,25,CasualUK,BrassBallsComedy
81ftak,Three days ago I was upvoting all the memes about stupid Brits bulk buying bread and now I'm sat here breadless! All the shops shelves are bare.,,https://www.reddit.com/r/CasualUK/comments/81ftak/three_days_ago_i_was_upvoting_all_the_memes_about/,1520010871.0,392,0.99,106,CasualUK,OhHiFelicia
81fi16,Toilet humour...,,https://i.redd.it/gu4fc6z1odj01.jpg,1520008471.0,133,0.97,7,CasualUK,onceinabluemooner
81f7zt,Pee freely in train stations as Network Rail drops 50p charges,,http://metro.co.uk/2018/03/02/pee-freely-train-stations-network-rail-drops-50p-charges-7355654/,1520006365.0,83,0.97,24,CasualUK,lolpard
81ehjl,Scotrail reminding us to chill out,[deleted],https://i.redd.it/28m01m4gzcj01.jpg,1520000191.0,179,0.94,15,CasualUK,[deleted]
81efh3,The power of nature,[deleted],https://i.redd.it/fm65qkuwxcj01.jpg,1519999684.0,65,0.96,9,CasualUK,[deleted]
81e1il,Amazing relocation by Ben Brown from Dublin to Alnwick in 25 minutes,,https://i.redd.it/w9p1vn48mcj01.jpg,1519995749.0,52,0.99,19,CasualUK,norwegian_unicorn_
81dqph,This is categorically not the Bear Grylls solution,[deleted],https://i.redd.it/9f9f6pc4ccj01.jpg,1519992346.0,105,0.98,17,CasualUK,[deleted]
81dp8e,Don't ask me complicated questions! Because...... reasons,,https://i.redd.it/08o9ebh5acj01.png,1519991842.0,124,0.98,7,CasualUK,axr862
81dbg2,Intrusive Thoughts.,"Ever wander over a bridge and have a sudden, compelling urge to just launch your phone or your bag into the river, simply ""because""? 
 
Ever stood behind someone at a cash point and thought to yourself, ""could kick him. Wonder what he'd do"". 
 
Ever been walking down the wine aisle of a supermarket and thought ""could just knock all of these bottles on the floor, like a cat"". 
 
Then this is the thread for you! What intrusive thoughts cross your mind every now and then? ",https://www.reddit.com/r/CasualUK/comments/81dbg2/intrusive_thoughts/,1519986511.0,135,0.97,133,CasualUK,[deleted]
81d4l5,Obviously,[deleted],https://i.redd.it/96i5dt0gmbj01.jpg,1519983711.0,655,0.99,88,CasualUK,[deleted]
81d4bd,This was recommended to me on Facebook,,https://i.redd.it/5f1j3n15mbj01.jpg,1519983608.0,1035,0.98,69,CasualUK,benny1070
81d18e,Say what you will about south west trains but there aren't many places in the world you could purchase a 12 hour ticket for ¬£5,,https://www.reddit.com/r/CasualUK/comments/81d18e/say_what_you_will_about_south_west_trains_but/,1519982256.0,217,0.96,17,CasualUK,LuckyRabbitsFoot
81czqi,Who Would Win?,[deleted],https://imgur.com/a/LyliO,1519981618.0,53,0.77,11,CasualUK,[deleted]
81cytb,"A Brand New Pub Quiz, general knowledge feat. a food round. 24 points to get!",,https://imgur.com/a/MULPC,1519981221.0,68,0.95,76,CasualUK,Kerigorrical
81cdva,Snowpocalypse Day 5: 5now 5 Furios,[deleted],https://www.reddit.com/r/CasualUK/comments/81cdva/snowpocalypse_day_5_5now_5_furios/,1519972864.0,130,0.96,400,CasualUK,[deleted]
81b0pm,I think we should take a moment to appreciate what Britain would be like without the gulf stream,Three cheers for cross Atlantic currents,https://www.reddit.com/r/CasualUK/comments/81b0pm/i_think_we_should_take_a_moment_to_appreciate/,1519957702.0,395,0.99,90,CasualUK,kenbw2
81ajp5,The Beast from the East,,https://v.redd.it/s7hf80aj39j01,1519953193.0,422,0.92,28,CasualUK,[deleted]
819zi3,"Stay class, Nottingham",,https://imgur.com/EN3Rt3L,1519948074.0,261,0.98,9,CasualUK,waztizname
818war,Not desperate enough yet.,,https://i.redd.it/p0am2jh0z7j01.jpg,1519939510.0,53,0.98,10,CasualUK,thehealingprocess
818h3d,Hitchhiker's Guide to the Galaxy is back!,,https://www.theguardian.com/tv-and-radio/2018/feb/27/the-hitchhikers-guide-to-the-galaxy-bbc-radio-4?CMP=fb_gu,1519936406.0,59,0.97,13,CasualUK,IvanTheTolerable
8183dc,Woman passes almost every question immediately on The Chase,,https://twitter.com/Chapper5/status/969261059877081088,1519933559.0,323,0.98,72,CasualUK,[deleted]
8180f9,R.I.P. Father Ted,"20 yrs ago, Dermot Morgan passed away (yesterday 20yrs ago to be precise)
Just say if u ever met him or just tributes or how good he was
You get the point",https://www.reddit.com/r/CasualUK/comments/8180f9/rip_father_ted/,1519932929.0,74,0.88,11,CasualUK,Junglecarz
817nes,The Thick Of It will be unavailable on Netflix from 30 March. Don't miss out!,[deleted],https://www.reddit.com/r/CasualUK/comments/817nes/the_thick_of_it_will_be_unavailable_on_netflix/,1519930210.0,120,0.95,44,CasualUK,[deleted]
817471,"A small shout out to BBC R1 DJ, Greg James; whose Sport Relief challenge to cycle to, and climb, the 3 Peaks has had to be postponed due to the weather. He has so far managed to raise over ¬£400,000 for charity.",,https://www.sportrelief.com/news-and-tv/gregathlon,1519926278.0,397,0.96,20,CasualUK,berober04
816699,I feel like I'm the only one starting an important discussion on r/ChangeMyView.,,https://i.redd.it/s8rqo5k7a6j01.png,1519919174.0,357,0.98,146,CasualUK,Dasnap
815kft,Discovered a relic in the back of the cupboard today,,https://i.redd.it/gos9w5igv5j01.jpg,1519914119.0,78,0.93,22,CasualUK,Clomojo87
814w1q,Adapt. Improvise. Overcome.,,https://i.redd.it/y325pubya5j01.jpg,1519907207.0,370,0.99,47,CasualUK,Tvix
814b3p,PC game 'Pub Fight Architect' (from 2000) looks like a ton of fun,,https://i.imgur.com/TkELHPE.jpg,1519899870.0,167,0.97,29,CasualUK,TopTrumpWANKER
813sr3,Happy St David's Dai,,https://i.redd.it/gmaxe4yb44j01.jpg,1519892871.0,254,0.94,48,CasualUK,cmdrsamuelvimes
813n1f,I think these new coins are a lovely idea.,,https://www.mirror.co.uk/money/gallery/see-26-new-limited-edition-12105094?utm_source=google_news&amp;utm_medium=referral&amp;utm_campaign=google_news&amp;utm_content=sitemap,1519890825.0,96,0.94,44,CasualUK,Wtfislifeanyway
813i9m,Stay safe and warm guys!,[deleted],https://i.redd.it/o3wlih8ms3j01.jpg,1519888932.0,118,0.95,13,CasualUK,[deleted]
813bbc,"The new British 10p, will celebrate British life. One design that will circulate is our love of queuing.",,https://i.redd.it/0v9fgth1l3j01.png,1519886385.0,4217,0.95,314,CasualUK,[deleted]
8117cl,"Currently -6 in Bristol, and the fountain on the centre is growing a beard.",,https://i.imgur.com/XtdLncT.jpg,1519864922.0,204,0.96,7,CasualUK,BRIStoneman
810wgk,"Unbelievable scenes up in Consett, stay safe folks x",,https://i.redd.it/xld5qje9l1j01.jpg,1519862273.0,79,0.94,7,CasualUK,HPBChild1
8107ak,Fucking glorious.,,https://i.redd.it/t0aqaj1741j01.jpg,1519856506.0,1088,0.98,37,CasualUK,Jordanbvb09
80zvb2,Got a homeless guy a hotel last night,,https://i.redd.it/oovtvjlow0j01.jpg,1519853979.0,600,0.97,191,CasualUK,Declanhx
80zp21,Bit of humanity,[deleted],https://i.redd.it/39ptt5rss0j01.png,1519852672.0,684,0.98,24,CasualUK,[deleted]
80zg2x,"I wish bank robbers hadn't made wearing a balaclava socially unacceptable, my face is cold.",,https://www.reddit.com/r/CasualUK/comments/80zg2x/i_wish_bank_robbers_hadnt_made_wearing_a/,1519850828.0,208,0.99,37,CasualUK,chelseasaints
80z98a,Local Humour,,https://imgur.com/XznQ55s,1519849424.0,165,0.96,3,CasualUK,Roynerer
80ygxd,"""Just so everyone can get an idea of what happened. A complete stranger broke into my garage and shit himself and passed out.""",,https://twitter.com/carlooo0/status/968511077611982854,1519843641.0,242,0.93,78,CasualUK,[deleted]
80w1uf,I'm almost 51 this place name shouldn't make me chuckle.,,https://i.redd.it/chqg311ohyi01.jpg,1519824765.0,227,0.97,18,CasualUK,weeb55487
80vkec,"Made a birthday present for a friend (incredibly, he thought they were real for far too long)",,https://i.redd.it/a7sleyak3yi01.jpg,1519820010.0,308,0.98,13,CasualUK,gazchap
80v511,I thought Beefeater were asking if I wanted to be cooked and eaten at first glance...,,https://i.redd.it/ryu401wlfxi01.jpg,1519814917.0,188,0.96,24,CasualUK,PretendHead
80uv11,I think theres a clue here somewhere...,,https://i.redd.it/lrsisxvbexi01.jpg,1519811498.0,169,0.99,17,CasualUK,Diatzen
80urbi,"If you're snowed in and stuck at home, pop in on your elderly neighbours and check they're ok.",,https://www.reddit.com/r/CasualUK/comments/80urbi/if_youre_snowed_in_and_stuck_at_home_pop_in_on/,1519810068.0,227,0.95,49,CasualUK,TheRealDave24
80uk4f,The TFL announcer this morning,,https://imgur.com/OhFVyyz,1519807315.0,563,0.98,11,CasualUK,Lord_twisted
80uh7u,[Civ VI] Got a little real last night,[deleted],https://imgur.com/a/XlWxD,1519806258.0,106,0.95,25,CasualUK,[deleted]
80uce8,Looks like a day off,,https://i.redd.it/zuidhua1uwi01.jpg,1519804663.0,10856,0.95,573,CasualUK,[deleted]
80s10o,My hometown made it into a national paper!,,https://i.redd.it/6ugxovt9vui01.jpg,1519780894.0,74,0.95,16,CasualUK,AGeary
80rpia,I know it's a bit chilly out but there's no need to exaggerate,,https://i.redd.it/ys4oo6hsmui01.jpg,1519778010.0,127,0.99,9,CasualUK,bearbanks
80qze0,Poundland wouldn't accept my Scottish ¬£10 note. They thought it was fake.,"Pal, if I knew how to counterfeit money, I wouldn't be shopping in Poundland.",https://www.reddit.com/r/CasualUK/comments/80qze0/poundland_wouldnt_accept_my_scottish_10_note_they/,1519772074.0,175,0.98,66,CasualUK,Milo_Hackenschmidt
80qepb,Winter in Britain (Polandball - SJB95),,https://i.redd.it/ioa50sggesi01.png,1519767843.0,785,0.97,48,CasualUK,pyro3366
80ph0z,Burglar caught in the act...,,https://v.redd.it/tfvrfbzu7ti01,1519761037.0,959,0.98,154,CasualUK,knightcastle
80p2p1,Heartwarming surprise on the train home from work,,https://imgur.com/a/2wjV5,1519758174.0,143,0.95,9,CasualUK,Birkalo
80ouh5,Am I the only person in the UK who likes 'soft' bacon?,"Everyone else seems to like their bacon basically burnt to the point where it's a slab of carbon, I am cursed to never have a perfect full, English at home",https://www.reddit.com/r/CasualUK/comments/80ouh5/am_i_the_only_person_in_the_uk_who_likes_soft/,1519756596.0,97,0.91,62,CasualUK,CheapDiscountMemes
80oe8e,She's got a point,,https://i.redd.it/dlcfzq82msi01.png,1519753562.0,113,0.94,5,CasualUK,89kab
80odh8,Tescos has just started catering to the depressed market,,https://i.redd.it/6a5pv4pjlsi01.png,1519753404.0,234,0.96,17,CasualUK,Blurandski
80nrph,Me today,,https://i.imgur.com/csGauPd.jpg,1519749125.0,744,0.97,17,CasualUK,l2aven
80mbda,Punting madness!,,https://ichef.bbci.co.uk/news/976/cpsprodpb/F527/production/_100195726_0ae178c3-c0f0-4419-809f-eec7fab3ddff.jpg,1519737150.0,172,0.99,13,CasualUK,morganrum
80ltg2,Air traffic at Heathrow was backed up so BA pilot made good use of the delay,[deleted],https://i.redd.it/tsgyageysqi01.jpg,1519731888.0,278,0.98,22,CasualUK,[deleted]
80lgw2,Someone at the Met office is taking the piss,,https://i.imgur.com/tIB9UUt.jpg,1519727327.0,155,0.96,17,CasualUK,SpringKFCgravy
80kvyq,Morning Commute,,https://i.imgur.com/7OOZUJ3.jpg,1519719972.0,898,0.96,36,CasualUK,BoltEyes
80kskd,Anglo-EU translation guide,,https://i.pinimg.com/originals/c1/31/2f/c1312faa0ab294506009a8f08f7459e0.jpg,1519718879.0,10010,0.93,635,CasualUK,DAJ1
80krgr,Fridge this morning. I think Monkey‚Äôs had enough.,[deleted],https://i.redd.it/l47rf0kyppi01.jpg,1519718545.0,184,0.98,8,CasualUK,[deleted]
80kea7,"Southern Rail, everybody",,https://i.imgur.com/REi4w92.jpg,1519714219.0,121,0.94,29,CasualUK,Lolworth
80hh2h,Who remembers these? Best ones they released I think,,https://i.redd.it/3oufm5vt2ni01.jpg,1519686549.0,244,0.94,69,CasualUK,floppywick
80fo2t,Says it all !,,https://i.redd.it/lrohne4xzli01.jpg,1519673465.0,156,0.9,27,CasualUK,ordinarybloke1963
80fj3b,Cold enough to keep milk outside,,https://i.redd.it/2xju7mf7wli01.jpg,1519672215.0,133,0.95,23,CasualUK,basedinspoons
80eovm,"Sometimes, I really love being from the U.K.",,https://i.redd.it/mowrgi0zcli01.jpg,1519665747.0,390,0.97,27,CasualUK,Ryu-Chu
80dy74,"Came across this pic, a bloke on the bus with his bunnies.",[deleted],https://i.redd.it/5hsefu64wki01.jpg,1519660150.0,298,0.96,46,CasualUK,[deleted]
80dscl,Living the student life,,https://i.redd.it/qmrl3fodski01.jpg,1519658821.0,300,0.95,4,CasualUK,LndnGrmmr
80dnen,"Fragment of 130 million year old Cretaceous amber from the Isle of Wight, UK",,https://i.redd.it/7q52lrzboki01.jpg,1519657665.0,72,0.94,19,CasualUK,Garoshi
80dmam,Was chopping wood this morning over Loch Carron near the Isle of Skye and was treated to this view,,https://i.redd.it/d7d6qei3oki01.jpg,1519657418.0,441,0.98,31,CasualUK,AestheticEntactogen
80d6k8,Just ham things,,https://i.redd.it/ugtrvxylcki01.jpg,1519653517.0,1717,0.96,59,CasualUK,[deleted]
80csvv,Keep seeing these Leeds United ‚ÄúSmiley‚Äù logos in places - stickers on cars mostly - I just used to think it was a knob folded back on itself,,https://i.imgur.com/IcrgIeI.jpg,1519649597.0,90,0.94,13,CasualUK,seanbear
80cs79,On Friday 23/02/18 my mums 2CV was stolen from West Didsbury Manchester. We have had the car for 21 years and are actively in the 2CV Citroen community. G390RGJ or Georgie as we call him has a tow bar which isn‚Äôt usual on 2cv‚Äôs. We are desperate to get him home. Please if you have seen him tell me.,,https://i.redd.it/5uh65o1d0ki01.jpg,1519649408.0,2901,0.97,170,CasualUK,elizadont
80cqyw,The car in front made me laugh today,,https://i.redd.it/f5s6qoy6zji01.jpg,1519649008.0,146,0.9,9,CasualUK,Clomojo87
80cfrk,London transport right now,,https://www.youtube.com/watch?v=S55RicXuS0o,1519645372.0,63,0.92,9,CasualUK,hardyflashier
80cdjo,My office has a power cut and we might all be getting sent home!,"I'm trying not to look too pleased

Update: I'm at home sitting on my sofa. Living the dream! ",https://www.reddit.com/r/CasualUK/comments/80cdjo/my_office_has_a_power_cut_and_we_might_all_be/,1519644577.0,457,0.98,78,CasualUK,test98
80c9v5,Cuts to the Metropolitan Police service are getting ridiculous now,,https://v.redd.it/nijcgqsmhji01,1519643259.0,149,0.98,28,CasualUK,I_Rubbed_Flanelman
80by2s,Getting my fix just got harder,,https://i.redd.it/qs84oz2z4ji01.jpg,1519638867.0,139,0.97,34,CasualUK,Toodely
80bpjh,English pub scraps snail race as cold makes competitors sluggish,,https://www.reuters.com/article/us-britain-weather-odd/english-pub-scraps-snail-race-as-cold-makes-competitors-sluggish-idUSKCN1G80FV?mc_cid=692f4fb5d8&amp;mc_eid=6e861956be,1519635855.0,56,0.91,9,CasualUK,kawasutra
80bb83,"""A British Map As Labeled By An American"" from xkcd",[deleted],https://i.redd.it/j2g4i5e1hii01.png,1519630844.0,198,0.87,90,CasualUK,[deleted]
80azmo,The beast from the east has struck with all its mighty vengeance!,[deleted],https://i.redd.it/n4fqgpfx5ii01.jpg,1519627099.0,1776,0.96,151,CasualUK,[deleted]
807gtp,1:52mins - Five minutes better than my last PB.,,https://i.redd.it/2i4uhfj1cfi01.jpg,1519592844.0,114,0.89,25,CasualUK,jonewer
807adb,Roger Moore is James Bond,,https://i.imgur.com/JLMhXZI.jpg,1519591311.0,253,0.97,28,CasualUK,padre_jim
806u9z,I won. I mean I will win. I mean I will have won. I mean I did win soon.,,https://imgur.com/a/mVoLV,1519587553.0,84,0.94,8,CasualUK,m-1975
8064el,"My mum is doing some litter picking in the village she lives, she wanted to make an outfit for it, she just text this picture",,https://i.redd.it/6nm37tzteei01.jpg,1519581626.0,1441,0.99,65,CasualUK,DrewBk
804zh0,Enjoying the Winter sun,,https://i.redd.it/c56e8zuqkdi01.jpg,1519571532.0,78,0.96,3,CasualUK,doshdoshdoshdoshdosh
804wfm,It‚Äôs freezing cold and I‚Äôm hungover but this was totally worth it,,https://i.imgur.com/uEq52vx.jpg,1519570661.0,259,0.98,18,CasualUK,robotsoap
804w9a,Bronze Medal winner Billy Morgan adds his own spin to flag bearing for Team GB at the Winter Olympics closing ceremony,,https://i.redd.it/kp9wy4jnhdi01.jpg,1519570615.0,509,0.98,36,CasualUK,emotional-knapsack
804ot5,Imagine my disappointment after following this sign in Primark.,,https://i.imgur.com/5ldOyfs.jpg,1519568310.0,2666,0.97,114,CasualUK,beaverplum
804lcf,"With the coldest snap in years forecast, this display appeared at the local supermarket today.",,https://i.imgur.com/sRGEJ0m.jpg,1519567247.0,152,0.99,21,CasualUK,dntcareboutdownvotes
804068,How good are they if they have to tell you theyre excellent quality?,,https://i.redd.it/qdiv3ytxjci01.jpg,1519559140.0,94,0.94,25,CasualUK,Rextherabbit
803s1c,A Man With a Plan to Convert Real World Maps Into Tolkien-esque Artworks: Currently Converting all of the UK's National Parks.,,https://www.middleearthsmaps.com/,1519555400.0,604,0.96,30,CasualUK,HugoNebula
803dsm,Germany are taking over Europe again...,,https://i.redd.it/vrmdxm6fpbi01.png,1519548864.0,145,0.92,31,CasualUK,The_Kwyjibo
8038mn,"First pre-watershed ""Fuck"" on British TV - The Sex Pistols notorious interview with Bill Grundy in 1976.",,https://www.youtube.com/watch?v=8XGe_hncsiM,1519546478.0,102,0.93,33,CasualUK,[deleted]
800740,40mph on the A13....,,https://i.imgur.com/iTTPJFh.gif,1519512328.0,116,0.97,21,CasualUK,michaeltheobnoxious
7zzhfh,I bought new bedding today and I can't wait to go to bed!,"It's going to be like sleeping on a cloud of kittens...
Are you looking forward to bed, too?

Apologies if this is in the wrong subreddit...",https://www.reddit.com/r/CasualUK/comments/7zzhfh/i_bought_new_bedding_today_and_i_cant_wait_to_go/,1519505941.0,71,0.99,36,CasualUK,lirae666
7zy4nl,When you forget to use the vouchers,,https://i.redd.it/ls6dn3bo67i01.png,1519494146.0,94,0.97,29,CasualUK,interoth
7zxmwf,Emma Chambers (Alice in Vicar of Dibley) dies aged 53,,http://www.bbc.co.uk/news/uk-43183354,1519489863.0,180,0.96,21,CasualUK,Toasterfire
7zx5p8,Kopparberg Sparkling Rose? I have no idea why this exists but I can‚Äôt help but be intrigued.,,https://i.redd.it/jc1708mdg6i01.jpg,1519485291.0,65,0.94,29,CasualUK,IAmNotStelio
7zx4m9,Staff tea at the bar I work last night was 8 pot noodles in a jug.,,https://i.redd.it/lu4p5uyff6i01.jpg,1519484991.0,91,0.99,34,CasualUK,Birk88
7zwafu,Polite graffiti in Swansea,,https://i.imgur.com/1qHHRK8.jpg,1519475096.0,1471,0.98,60,CasualUK,[deleted]
7zw5dw,People say brits have no culture but what do you call drinking on the train before 12pm?,Or just any time. We fucking love drinking on trains. ,https://www.reddit.com/r/CasualUK/comments/7zw5dw/people_say_brits_have_no_culture_but_what_do_you/,1519473029.0,233,0.96,52,CasualUK,rubertine
7zw241,"Marmite just retweeted marmite flavored gelato. Ehh, no thanks.",,https://i.redd.it/civq9l6nb5i01.png,1519471598.0,67,0.93,41,CasualUK,[deleted]
7zvxxd,"Free ticket from London Kings Cross to Leeds, valid 17:15","On the second ticket machine from the left near the Little Waitrose in Kings Cross. You can just see the ticket in this photo, front left on top:

https://imgur.com/a/aoGbp

I hope someone can make use of it. 

Edit: no railcard needed. ",https://www.reddit.com/r/CasualUK/comments/7zvxxd/free_ticket_from_london_kings_cross_to_leeds/,1519469800.0,107,0.92,9,CasualUK,fsv
7zvm8e,What's the weirdest thing you've been ID'd for?,"Got ID'd for *Watership Down* the other day, but interestingly not when I bought a mousetrap",https://www.reddit.com/r/CasualUK/comments/7zvm8e/whats_the_weirdest_thing_youve_been_idd_for/,1519464720.0,65,0.92,199,CasualUK,MellotronSymphony
7zvc7p,How would you improve your house/flat for the better?,"Following on from the [urinal/bottle/sink piss post from yesterday](https://www.reddit.com/r/CasualUK/comments/7zo616/are_there_any_regulationslaws_stopping_a), what improvement to your house would improve your quality of life?",https://www.reddit.com/r/CasualUK/comments/7zvc7p/how_would_you_improve_your_houseflat_for_the/,1519460116.0,53,0.93,122,CasualUK,jptoc
7zuvrz,Got the 'congratulations' email from National Lottery. What a cock tease.,,https://i.redd.it/we64fzirt3i01.png,1519453542.0,137,0.93,14,CasualUK,Tafydoolboot
7zrzz4,It's lovely being back in Bristol.,[deleted],https://i.redd.it/ct51hilge1i01.jpg,1519424115.0,84,0.95,7,CasualUK,[deleted]
7zr702,[FBF] A photo of the Lincoln Cathedral I took from a window inside the Lincoln Castle,,https://i.redd.it/7y2at6kcv0i01.jpg,1519417741.0,114,0.96,20,CasualUK,xognitx
7zr4qt,Chippy Friday,[deleted],https://i.redd.it/ylmsd88bs0i01.jpg,1519417253.0,67,0.92,14,CasualUK,[deleted]
7zqpg5,fuck off yah spooky midget,,https://i.redd.it/aj8bxbfjk0i01.jpg,1519414046.0,261,0.93,12,CasualUK,thearguablepear
7zptlj,"My American sister recently moved to the UK. I sent her a video that played loudly in public, so she received stares of shame.",,https://i.redd.it/q3sdl3sr00i01.jpg,1519407405.0,91,0.96,23,CasualUK,sqqqqqquad
7zpprb,I see your pencil and raise you to a voucher,,https://i.redd.it/utqkhw9cyzh01.jpg,1519406583.0,66,0.93,9,CasualUK,H3X3
7zpbk4,Someone thought the Hampshire Hog was a little cold,,https://imgur.com/CPleGN1,1519403614.0,179,0.98,13,CasualUK,ASK_IF_IM_PENGUIN
7zodb2,"Next week: remember lads, don't eat...",[deleted],https://i.redd.it/5n1zmmz32zh01.png,1519395800.0,139,0.97,13,CasualUK,[deleted]
7zocuw,The DailyPost's article on Donkey Smuggling blacked out the donkey's faces for anonymity,,https://i.redd.it/5r8hecmu1zh01.png,1519395687.0,212,0.99,14,CasualUK,[deleted]
7zo616,Are there any regulations/laws stopping a residential property from having a communal urinal installed?,"I live in a house with a group of males (eight of us altogether), and it only has one toilet. On nights where we're going through a few cases of beer, that can be a problem - with pissing in bottles or the kitchen sink often the go-to way when the toilet is busy and you're busting. 

Anyway, the room next to the toilet is spare, and it's currently just used to store boxes and cases. We had a house chat last night and decided it makes sense to convert that room into a communal urinal (like you get in pubs) to avoid the regular issue of having nowhere to piss. 

Between the eight of us, a communal urinal comes in at around ¬£40 each (to buy the unit and install - the latter we can do ourselves). But I can't find any information about whether it's actually legal to have one, or whether we need to ask the council for permission.

Does anyone know? 

Edit: Just to add, I know we could get the price down much lower if we get a secondhand one (such as this one: https://www.ebay.co.uk/itm/stainless-steel-urinal-/112826235516), we're deciding on that tonight (I'd personally rather have a new one, but I know two of the housemates have a really tight budget).",https://www.reddit.com/r/CasualUK/comments/7zo616/are_there_any_regulationslaws_stopping_a/,1519393952.0,357,0.98,203,CasualUK,TopTrumpWANKER
7zo1am,British train companies in a nutshell.,,https://i.imgur.com/KIwkrM8.jpg,1519392687.0,608,0.93,45,CasualUK,TopTrumpWANKER
7znmyg,Steven Fry reveals he is undergoing treatment for prostate cancer,[deleted],http://www.bbc.co.uk/news/entertainment-arts-43171297,1519388326.0,191,0.96,30,CasualUK,[deleted]
7znil7,Someone in my hometown keeps putting up posters like this. Sound advice though,,https://i.redd.it/k2ka7n7obyh01.jpg,1519386850.0,23522,0.95,448,CasualUK,Willyamsss
7znij5,A rare photo of Warrior IFV tests at Longleat,,https://i.imgur.com/Gx911n8.jpg,1519386825.0,99,0.95,9,CasualUK,Jimmyjamjames
7zn5md,KFC's Apology Ad,,https://pbs.twimg.com/media/DWs7dyuWkAAXacn.jpg:orig,1519382096.0,304,0.95,131,CasualUK,Warp__
7zn5c2,Beware of +252 numbers from Somalia they will call you for 1 second and hang up so you get a missed call. If you call back they put you on hold on a premium rate line for as long as possible.,,https://i.redd.it/2r21sof5xxh01.jpg,1519381967.0,207,0.95,78,CasualUK,Yabberdabberdooo
7zn303,Welsh primary school deploys hawk to stop seagulls dive bombing yard,,https://inews.co.uk/light-relief/offbeat/welsh-primary-school-deploys-hawk-stop-nuisance-seagulls-dive-bombing-yard/,1519381107.0,120,0.98,27,CasualUK,[deleted]
7zmdoa,This rather haphazard gritting job. It's a thin line about a foot from the gutter all the way down the rest of the road,[deleted],https://i.redd.it/igqu7lqp1xh01.jpg,1519371396.0,67,0.97,13,CasualUK,[deleted]
7zkbuy,Idiots like this harming local Museums ...,,https://imgur.com/3oiMLJX,1519350026.0,98,0.94,32,CasualUK,yingguopingguo
7ziv5q,"Dunno know about you, but I stopped carrying my own on around years ago...",,https://i.redd.it/8niw1rrz8uh01.jpg,1519337523.0,86,0.96,15,CasualUK,Marktezuma
7zg58b,British train companies in a nutshell.,,https://i.redd.it/gfuo26jwjsh01.jpg,1519316979.0,450,0.98,28,CasualUK,Harry_monk
7zfv7e,Friendly reminder to lorry drivers in my town,,https://i.redd.it/m9rdex3kdsh01.jpg,1519314848.0,118,0.98,14,CasualUK,Clomojo87
7zfuhu,"CBBC had the best gameshows, full stop. Raven, Trapped, Horrible Histories, if you didn't wanna go on one of these you were just wrong",,https://i.redd.it/v8zdks05csh01.png,1519314679.0,504,0.96,154,CasualUK,BanzaitheBat
7zfo7u,[X-post from /r/CozyPlaces] The mouse hole we put in the wall when we gutted our house. The light inside is motion activated and the wallpaper is vintage and from a flea market in England.,,https://i.redd.it/8s2nn2jovqh01.jpg,1519313260.0,81,0.95,6,CasualUK,[deleted]
7zfaj8,Found this relic in a draw under my bed.,,https://i.redd.it/1knv6fwczrh01.jpg,1519310106.0,96,0.92,22,CasualUK,Diatzen
7ze2xk,Americans Try British Food - Fish and Chips,,https://www.youtube.com/watch?v=t8AYPWxeZ3k,1519296915.0,100,0.88,112,CasualUK,revolut1onname
7zdsp3,*Hot Fuzz joke*,,https://twitter.com/RadioHumberside/status/966593787265986560?s=09,1519293159.0,83,0.96,18,CasualUK,Hullian111
7z88tw,Spotted in Snaresbrook Tube,,https://i.redd.it/g398lh56amh01.jpg,1519241067.0,98,0.95,9,CasualUK,Jools_Holland
7z6x6x,An electrical relic,[deleted],http://i.imgur.com/TkSXqMV.jpg,1519231367.0,98,0.94,5,CasualUK,[deleted]
7z6pci,Emotionally unstable board games,,https://i.redd.it/acv3xlujclh01.jpg,1519229757.0,1091,0.98,68,CasualUK,faithlessMia
7z6l4c,Aha! Alan Partridge spotted in Soho at lunchtime!,,https://i.imgur.com/HjXr36W.jpg,1519228857.0,293,0.99,37,CasualUK,[deleted]
7z6e52,Can't help but feel the Netherlands choice of strip resembles a Cadburys Double Decker,,https://i.redd.it/vc3em5tb5lh01.jpg,1519227327.0,2507,0.97,75,CasualUK,faithlessMia
7z5z70,"Yeah, his aim's spot on unlike your...",,https://i.redd.it/4cbg2mjuukh01.jpg,1519223911.0,80,0.96,12,CasualUK,[deleted]
7z5ioz,This room to rent comes with a free intern,,https://i.redd.it/y9dpxy4oikh01.png,1519219711.0,188,0.97,30,CasualUK,CoproliteSandwich
7z5bda,Some ice cream research,"Presenting my ice cream density and value lists. What's the lowest density you will tolerate?

#Sorted by density
Name and volume|Density|Weight|Price|Price per volume|Price per weight
---|---|---|---|---|---
Haagen Dazs Sorbet Ice Cream Collection 4X100ml|0.92g/ml|368g|¬£4.20|¬£1.05/100ml|¬£1.14/100g
Ben And Jerry's Topped Chocolate Cookie Dgh Ice Cream 470Ml|0.90g/ml|423g|¬£4.80|¬£1.02/100ml|¬£1.13/100g
Ben And Jerry's Caramel Chew Chew Ice Cream 500Ml|0.90g/ml|450g|¬£2.50|¬£0.50/100ml|¬£0.56/100g
Ben And Jerry's Topped Salted Caramel Ice Cream 470Ml|0.89g/ml|418g|¬£4.80|¬£1.02/100ml|¬£1.15/100g
Ben And Jerry's Minter Wonderland 500Ml|0.88g/ml|440g|¬£2.50|¬£0.50/100ml|¬£0.57/100g
Haagen Dazs Caramel Ice Cream Minicups 4X100ml|0.87g/ml|348g|¬£4.20|¬£1.05/100ml|¬£1.21/100g
Haagen Dazs Fruit Ice Cream Collection Minicups 4X100ml|0.87g/ml|348g|¬£4.20|¬£1.05/100ml|¬£1.21/100g
Haagen Dazs Vanilla Ice Cream Collection Minicups 4X100ml|0.87g/ml|348g|¬£4.20|¬£1.05/100ml|¬£1.21/100g
Haagen-Dazs Caramel Minicups 12X4x100ml|0.87g/ml|348g|¬£4.20|¬£1.05/100ml|¬£1.21/100g
Haagen-Dazs Chocolate Ice Cream Collection Minicups 4X100ml|0.87g/ml|348g|¬£4.20|¬£1.05/100ml|¬£1.21/100g
Ben And Jerry's Blondie Brownie Ice Cream 500Ml|0.86g/ml|430g|¬£4.50|¬£0.90/100ml|¬£1.05/100g
Ben And Jerry's Karamel Sutra Ice Cream 500Ml|0.86g/ml|430g|¬£4.50|¬£0.90/100ml|¬£1.05/100g
Haagen-Dazs Chocolate Salted Caramel Ice Cream 500Ml|0.86g/ml|430g|¬£4.20|¬£0.84/100ml|¬£0.98/100g
Haagen-Dazs Coffee Ice Cream 500Ml|0.86g/ml|430g|¬£4.20|¬£0.84/100ml|¬£0.98/100g
Haagen-Dazs Dairy Vanilla Ice Cream 500Ml|0.86g/ml|430g|¬£4.20|¬£0.84/100ml|¬£0.98/100g
Haagen-Dazs Pralines &amp; Cream Ice Cream 500Ml|0.86g/ml|430g|¬£4.20|¬£0.84/100ml|¬£0.98/100g
Haagen-Dazs Salted Caramel Ice Cream 500Ml|0.86g/ml|430g|¬£4.20|¬£0.84/100ml|¬£0.98/100g
Haagen-Dazs Strawberries And Cream Ice Cream 500Ml|0.86g/ml|430g|¬£4.20|¬£0.84/100ml|¬£0.98/100g
Ben &amp; Jerry's Classic Home Sweet Honeycomb Ice Cream 500Ml|0.86g/ml|430g|¬£2.50|¬£0.50/100ml|¬£0.58/100g
Ben And Jerry's Peanut Butter Cup Ice Cream 500Ml|0.86g/ml|430g|¬£2.50|¬£0.50/100ml|¬£0.58/100g
Ben And Jerry's Phish Food Ice Cream 500Ml|0.86g/ml|430g|¬£2.50|¬£0.50/100ml|¬£0.58/100g
Ben And Jerry's Sofa So Good Ice Cream 500Ml|0.85g/ml|425g|¬£4.50|¬£0.90/100ml|¬£1.06/100g
Ben And Jerry's Cookie Dough Ice Cream 500Ml|0.85g/ml|425g|¬£2.50|¬£0.50/100ml|¬£0.59/100g
Ben &amp; Jerry's Classic Berry Neighbourly Ice Cream 500Ml|0.83g/ml|415g|¬£5.50|¬£1.10/100ml|¬£1.33/100g
Haagen-Dazs Cookies &amp; Cream Ice Cream 500Ml|0.83g/ml|415g|¬£4.20|¬£0.84/100ml|¬£1.01/100g
Ben And Jerry's Chocolate Fudge Brownie Ice Cream 500Ml|0.83g/ml|415g|¬£2.50|¬£0.50/100ml|¬£0.60/100g
Oreo Ice Cream 480Ml|0.81g/ml|389g|¬£3.50|¬£0.73/100ml|¬£0.90/100g
Ben &amp; Jerry's Dairy Free Peanut Butter And Cookies Ice Cream 500Ml|0.81g/ml|405g|¬£5.50|¬£1.10/100ml|¬£1.36/100g
Ben And Jerry's S'wich Up Ice Cream 500Ml|0.81g/ml|405g|¬£2.50|¬£0.50/100ml|¬£0.62/100g
Ben &amp; Jerry's Dairy Free Chocolate Fudge Brownie Ice Cream 500Ml|0.79g/ml|395g|¬£5.50|¬£1.10/100ml|¬£1.39/100g
Ben And Jerry's Classic Mix Ice Cream 4 X100ml|0.72g/ml|288g|¬£2.50|¬£0.63/100ml|¬£0.87/100g
Tesco Finest Cornish Salted Caramel Ice Cream 500Ml|0.71g/ml|355g|¬£2.85|¬£0.57/100ml|¬£0.80/100g
Tesco Finest Sicilian Lemon Curd Ice Cream 500Ml|0.71g/ml|355g|¬£2.85|¬£0.57/100ml|¬£0.80/100g
Tesco 4 Belgian Chocolate And Mint Ice Creams 440Ml|0.71g/ml|312g|¬£1.25|¬£0.28/100ml|¬£0.40/100g
Tesco Finest Caffe Latte Ice Cream 500Ml|0.70g/ml|350g|¬£2.85|¬£0.57/100ml|¬£0.81/100g
Tesco Finest Stem Ginger Ice Cream 500Ml|0.70g/ml|350g|¬£2.85|¬£0.57/100ml|¬£0.81/100g
Tesco Finest Chocolate Ice Cream 500Ml|0.69g/ml|345g|¬£2.85|¬£0.57/100ml|¬£0.83/100g
Tesco Finest Madagascan Vanilla Ice Cream 500Ml|0.69g/ml|345g|¬£2.85|¬£0.57/100ml|¬£0.83/100g
Alpro Coconut Ice Cream 500Ml|0.68g/ml|340g|¬£3.75|¬£0.75/100ml|¬£1.10/100g
Alpro Hazelnut Chocolate Ice Cream 500Ml|0.68g/ml|340g|¬£3.75|¬£0.75/100ml|¬£1.10/100g
Alpro Soy Vanilla Ice Cream 500Ml|0.68g/ml|340g|¬£3.75|¬£0.75/100ml|¬£1.10/100g
Magnum Classic Ice Cream Tub 440Ml|0.67g/ml|295g|¬£3.85|¬£0.88/100ml|¬£1.31/100g
Magnum Tub Chocolate And Hazelnut Praline Ice Cream 440Ml|0.67g/ml|295g|¬£3.85|¬£0.88/100ml|¬£1.31/100g
Magnum Tub Chocolate And Hazelnut Praline Ice Cream 440Ml|0.67g/ml|295g|¬£3.85|¬£0.88/100ml|¬£1.31/100g
Magnum White Ice Cream Tub 440Ml|0.67g/ml|295g|¬£3.85|¬£0.88/100ml|¬£1.31/100g
Magnum Almond Ice Cream Tub 440Ml|0.67g/ml|295g|¬£3.85|¬£0.88/100ml|¬£1.31/100g
Swedish Glace Sticks Vanilla Soy Ice Cream 5X55ml|0.67g/ml|183g|¬£2.99|¬£1.09/100ml|¬£1.63/100g
Tesco Scoop Ice Cream Black Forest 900Ml|0.60g/ml|540g|¬£2.75|¬£0.31/100ml|¬£0.51/100g
Tesco Scoop Ice Cream Chocolate With Cookies 900Ml|0.60g/ml|540g|¬£2.75|¬£0.31/100ml|¬£0.51/100g
Tesco Scoop Ice Cream Strawberries And Cream 900Ml|0.60g/ml|540g|¬£2.75|¬£0.31/100ml|¬£0.51/100g
Carte D'or Eton Mess Ice Cream Dessert 900Ml|0.56g/ml|504g|¬£3.49|¬£0.39/100ml|¬£0.69/100g
Tesco Cherry Vanilla Ice Cream 900Ml|0.56g/ml|504g|¬£2.00|¬£0.22/100ml|¬£0.40/100g
Tesco Coconut Ice Cream And Pineapple Sorbet 900Ml|0.55g/ml|495g|¬£2.00|¬£0.22/100ml|¬£0.40/100g
Tesco Vanilla Ice Cream 900Ml|0.55g/ml|495g|¬£2.00|¬£0.22/100ml|¬£0.40/100g
Kelly's Berry Eton Mess 950Ml|0.55g/ml|520g|¬£2.00|¬£0.21/100ml|¬£0.38/100g
Kelly's Salted Caramel 950Ml|0.55g/ml|518g|¬£2.00|¬£0.21/100ml|¬£0.39/100g
Kelly's Chocolate Brownie Salted Caramel 950Ml|0.54g/ml|514g|¬£2.00|¬£0.21/100ml|¬£0.39/100g
Breyers Mint Chip Ice Cream 500Ml|0.54g/ml|270g|¬£5.00|¬£1.00/100ml|¬£1.85/100g
Tesco Triple Chocolate Ice Cream 900Ml|0.54g/ml|486g|¬£2.00|¬£0.22/100ml|¬£0.41/100g
Breyers Cookies And Cream Ice Cream 500Ml|0.53g/ml|265g|¬£5.00|¬£1.00/100ml|¬£1.89/100g
Breyers Creamy Chocolate Ice Cream 500Ml|0.53g/ml|265g|¬£5.00|¬£1.00/100ml|¬£1.89/100g
Breyers Smooth Vanilla Ice Cream 500Ml|0.53g/ml|265g|¬£5.00|¬£1.00/100ml|¬£1.89/100g
Tesco Caramel Vanilla Ice Cream 900Ml|0.53g/ml|477g|¬£2.00|¬£0.22/100ml|¬£0.42/100g
Tesco Cookies And Cream Ice Cream 900Ml|0.53g/ml|477g|¬£2.00|¬£0.22/100ml|¬£0.42/100g
Kelly's Honeycomb Crunch 950Ml|0.53g/ml|499g|¬£2.00|¬£0.21/100ml|¬£0.40/100g
Tesco Mint Chocolate Ice Cream 900Ml|0.52g/ml|468g|¬£2.00|¬£0.22/100ml|¬£0.43/100g
Tesco White Chocolate And Raspberry Ice Cream 900Ml|0.52g/ml|468g|¬£2.00|¬£0.22/100ml|¬£0.43/100g
Tesco Cornish Cream Dairy Ice Cream 1Ltr|0.52g/ml|520g|¬£2.00|¬£0.20/100ml|¬£0.38/100g
Tesco Cornish Ice Cream 2 Litres|0.52g/ml|1040g|¬£3.00|¬£0.15/100ml|¬£0.29/100g
Carte D'or Mint Chocolate Ice Cream Dessert 1L|0.50g/ml|500g|¬£3.50|¬£0.35/100ml|¬£0.70/100g
Carte D'or Rum And Raisin Ice Cream Dessert 1L|0.50g/ml|500g|¬£3.50|¬£0.35/100ml|¬£0.70/100g
Carte D'or Strawberry Ice Cream Dessert 1L|0.50g/ml|500g|¬£3.50|¬£0.35/100ml|¬£0.70/100g
Carte D'or Sweet Caramel Ice Cream Dessert 1L|0.50g/ml|500g|¬£3.50|¬£0.35/100ml|¬£0.70/100g
Carte D'or Vanilla Ice Cream Dessert 1L|0.50g/ml|500g|¬£3.50|¬£0.35/100ml|¬£0.70/100g
Carte D'or Vanilla Light Ice Cream Dessert 1L|0.50g/ml|500g|¬£3.50|¬£0.35/100ml|¬£0.70/100g
Kelly's Vanilla Cornish Dairy Ice Cream 1 Litre|0.48g/ml|480g|¬£2.99|¬£0.30/100ml|¬£0.62/100g
Kelly's Cornish Vanilla Dairy Ice Cream 2 Litres|0.48g/ml|954g|¬£4.00|¬£0.20/100ml|¬£0.42/100g
Tesco Soft Scoop Raspberry Ripple 2 Litres|0.46g/ml|920g|¬£1.65|¬£0.08/100ml|¬£0.18/100g
Walls Soft Scoop Light Vanilla Ice Cream 1.8L|0.45g/ml|810g|¬£2.20|¬£0.12/100ml|¬£0.27/100g
Tesco Soft Scoop Mint Chocolate Chip 2 Litres|0.45g/ml|900g|¬£1.65|¬£0.08/100ml|¬£0.18/100g
Walls Soft Scoop Vanilla Ice Cream 1.8L|0.44g/ml|792g|¬£2.20|¬£0.12/100ml|¬£0.28/100g
Tesco Soft Scoop Vanilla Ice Cream 1Ltr|0.43g/ml|430g|¬£1.00|¬£0.10/100ml|¬£0.23/100g
Tesco Soft Scoop Chocolate 2 Litres|0.43g/ml|860g|¬£1.65|¬£0.08/100ml|¬£0.19/100g
Tesco Soft Scoop Neapolitan 2 Litres|0.43g/ml|860g|¬£1.65|¬£0.08/100ml|¬£0.19/100g
Tesco Soft Scoop Vanilla 2 Litres|0.43g/ml|860g|¬£1.65|¬£0.08/100ml|¬£0.19/100g
Kelly's Clotted Cream Ice Cream 1 Litre|0.40g/ml|400g|¬£2.00|¬£0.20/100ml|¬£0.50/100g
Tesco Everyday Value Soft Scoop Vanilla Ice Cream 2 Litre|0.40g/ml|800g|¬£0.92|¬£0.05/100ml|¬£0.12/100g

#Sorted by price per weight

Name and volume|Density|Weight|Price|Price per volume|Price per weight
---|---|---|---|---|---
Breyers Cookies And Cream Ice Cream 500Ml|0.53g/ml|265g|¬£5.00|¬£1.00/100ml|¬£1.89/100g
Breyers Creamy Chocolate Ice Cream 500Ml|0.53g/ml|265g|¬£5.00|¬£1.00/100ml|¬£1.89/100g
Breyers Smooth Vanilla Ice Cream 500Ml|0.53g/ml|265g|¬£5.00|¬£1.00/100ml|¬£1.89/100g
Breyers Mint Chip Ice Cream 500Ml|0.54g/ml|270g|¬£5.00|¬£1.00/100ml|¬£1.85/100g
Swedish Glace Sticks Vanilla Soy Ice Cream 5X55ml|0.67g/ml|183g|¬£2.99|¬£1.09/100ml|¬£1.63/100g
Ben &amp; Jerry's Dairy Free Chocolate Fudge Brownie Ice Cream 500Ml|0.79g/ml|395g|¬£5.50|¬£1.10/100ml|¬£1.39/100g
Ben &amp; Jerry's Dairy Free Peanut Butter And Cookies Ice Cream 500Ml|0.81g/ml|405g|¬£5.50|¬£1.10/100ml|¬£1.36/100g
Ben &amp; Jerry's Classic Berry Neighbourly Ice Cream 500Ml|0.83g/ml|415g|¬£5.50|¬£1.10/100ml|¬£1.33/100g
Magnum Classic Ice Cream Tub 440Ml|0.67g/ml|295g|¬£3.85|¬£0.88/100ml|¬£1.31/100g
Magnum Tub Chocolate And Hazelnut Praline Ice Cream 440Ml|0.67g/ml|295g|¬£3.85|¬£0.88/100ml|¬£1.31/100g
Magnum Tub Chocolate And Hazelnut Praline Ice Cream 440Ml|0.67g/ml|295g|¬£3.85|¬£0.88/100ml|¬£1.31/100g
Magnum White Ice Cream Tub 440Ml|0.67g/ml|295g|¬£3.85|¬£0.88/100ml|¬£1.31/100g
Magnum Almond Ice Cream Tub 440Ml|0.67g/ml|295g|¬£3.85|¬£0.88/100ml|¬£1.31/100g
Haagen Dazs Caramel Ice Cream Minicups 4X100ml|0.87g/ml|348g|¬£4.20|¬£1.05/100ml|¬£1.21/100g
Haagen Dazs Fruit Ice Cream Collection Minicups 4X100ml|0.87g/ml|348g|¬£4.20|¬£1.05/100ml|¬£1.21/100g
Haagen Dazs Vanilla Ice Cream Collection Minicups 4X100ml|0.87g/ml|348g|¬£4.20|¬£1.05/100ml|¬£1.21/100g
Haagen-Dazs Caramel Minicups 12X4x100ml|0.87g/ml|348g|¬£4.20|¬£1.05/100ml|¬£1.21/100g
Haagen-Dazs Chocolate Ice Cream Collection Minicups 4X100ml|0.87g/ml|348g|¬£4.20|¬£1.05/100ml|¬£1.21/100g
Ben And Jerry's Topped Salted Caramel Ice Cream 470Ml|0.89g/ml|418g|¬£4.80|¬£1.02/100ml|¬£1.15/100g
Haagen Dazs Sorbet Ice Cream Collection 4X100ml|0.92g/ml|368g|¬£4.20|¬£1.05/100ml|¬£1.14/100g
Ben And Jerry's Topped Chocolate Cookie Dgh Ice Cream 470Ml|0.90g/ml|423g|¬£4.80|¬£1.02/100ml|¬£1.13/100g
Alpro Soy Vanilla Ice Cream 500Ml|0.68g/ml|340g|¬£3.75|¬£0.75/100ml|¬£1.10/100g
Alpro Hazelnut Chocolate Ice Cream 500Ml|0.68g/ml|340g|¬£3.75|¬£0.75/100ml|¬£1.10/100g
Alpro Coconut Ice Cream 500Ml|0.68g/ml|340g|¬£3.75|¬£0.75/100ml|¬£1.10/100g
Ben And Jerry's Sofa So Good Ice Cream 500Ml|0.85g/ml|425g|¬£4.50|¬£0.90/100ml|¬£1.06/100g
Ben And Jerry's Blondie Brownie Ice Cream 500Ml|0.86g/ml|430g|¬£4.50|¬£0.90/100ml|¬£1.05/100g
Ben And Jerry's Karamel Sutra Ice Cream 500Ml|0.86g/ml|430g|¬£4.50|¬£0.90/100ml|¬£1.05/100g
Haagen-Dazs Cookies &amp; Cream Ice Cream 500Ml|0.83g/ml|415g|¬£4.20|¬£0.84/100ml|¬£1.01/100g
Haagen-Dazs Chocolate Salted Caramel Ice Cream 500Ml|0.86g/ml|430g|¬£4.20|¬£0.84/100ml|¬£0.98/100g
Haagen-Dazs Coffee Ice Cream 500Ml|0.86g/ml|430g|¬£4.20|¬£0.84/100ml|¬£0.98/100g
Haagen-Dazs Dairy Vanilla Ice Cream 500Ml|0.86g/ml|430g|¬£4.20|¬£0.84/100ml|¬£0.98/100g
Haagen-Dazs Pralines &amp; Cream Ice Cream 500Ml|0.86g/ml|430g|¬£4.20|¬£0.84/100ml|¬£0.98/100g
Haagen-Dazs Salted Caramel Ice Cream 500Ml|0.86g/ml|430g|¬£4.20|¬£0.84/100ml|¬£0.98/100g
Haagen-Dazs Strawberries And Cream Ice Cream 500Ml|0.86g/ml|430g|¬£4.20|¬£0.84/100ml|¬£0.98/100g
Oreo Ice Cream 480Ml|0.81g/ml|389g|¬£3.50|¬£0.73/100ml|¬£0.90/100g
Ben And Jerry's Classic Mix Ice Cream 4 X100ml|0.72g/ml|288g|¬£2.50|¬£0.63/100ml|¬£0.87/100g
Tesco Finest Chocolate Ice Cream 500Ml|0.69g/ml|345g|¬£2.85|¬£0.57/100ml|¬£0.83/100g
Tesco Finest Madagascan Vanilla Ice Cream 500Ml|0.69g/ml|345g|¬£2.85|¬£0.57/100ml|¬£0.83/100g
Tesco Finest Caffe Latte Ice Cream 500Ml|0.70g/ml|350g|¬£2.85|¬£0.57/100ml|¬£0.81/100g
Tesco Finest Stem Ginger Ice Cream 500Ml|0.70g/ml|350g|¬£2.85|¬£0.57/100ml|¬£0.81/100g
Tesco Finest Cornish Salted Caramel Ice Cream 500Ml|0.71g/ml|355g|¬£2.85|¬£0.57/100ml|¬£0.80/100g
Tesco Finest Sicilian Lemon Curd Ice Cream 500Ml|0.71g/ml|355g|¬£2.85|¬£0.57/100ml|¬£0.80/100g
Carte D'or Mint Chocolate Ice Cream Dessert 1L|0.50g/ml|500g|¬£3.50|¬£0.35/100ml|¬£0.70/100g
Carte D'or Rum And Raisin Ice Cream Dessert 1L|0.50g/ml|500g|¬£3.50|¬£0.35/100ml|¬£0.70/100g
Carte D'or Strawberry Ice Cream Dessert 1L|0.50g/ml|500g|¬£3.50|¬£0.35/100ml|¬£0.70/100g
Carte D'or Sweet Caramel Ice Cream Dessert 1L|0.50g/ml|500g|¬£3.50|¬£0.35/100ml|¬£0.70/100g
Carte D'or Vanilla Ice Cream Dessert 1L|0.50g/ml|500g|¬£3.50|¬£0.35/100ml|¬£0.70/100g
Carte D'or Vanilla Light Ice Cream Dessert 1L|0.50g/ml|500g|¬£3.50|¬£0.35/100ml|¬£0.70/100g
Carte D'or Eton Mess Ice Cream Dessert 900Ml|0.56g/ml|504g|¬£3.49|¬£0.39/100ml|¬£0.69/100g
Kelly's Vanilla Cornish Dairy Ice Cream 1 Litre|0.48g/ml|480g|¬£2.99|¬£0.30/100ml|¬£0.62/100g
Ben And Jerry's S'wich Up Ice Cream 500Ml|0.81g/ml|405g|¬£2.50|¬£0.50/100ml|¬£0.62/100g
Ben And Jerry's Chocolate Fudge Brownie Ice Cream 500Ml|0.83g/ml|415g|¬£2.50|¬£0.50/100ml|¬£0.60/100g
Ben And Jerry's Cookie Dough Ice Cream 500Ml|0.85g/ml|425g|¬£2.50|¬£0.50/100ml|¬£0.59/100g
Ben &amp; Jerry's Classic Home Sweet Honeycomb Ice Cream 500Ml|0.86g/ml|430g|¬£2.50|¬£0.50/100ml|¬£0.58/100g
Ben And Jerry's Peanut Butter Cup Ice Cream 500Ml|0.86g/ml|430g|¬£2.50|¬£0.50/100ml|¬£0.58/100g
Ben And Jerry's Phish Food Ice Cream 500Ml|0.86g/ml|430g|¬£2.50|¬£0.50/100ml|¬£0.58/100g
Ben And Jerry's Minter Wonderland 500Ml|0.88g/ml|440g|¬£2.50|¬£0.50/100ml|¬£0.57/100g
Ben And Jerry's Caramel Chew Chew Ice Cream 500Ml|0.90g/ml|450g|¬£2.50|¬£0.50/100ml|¬£0.56/100g
Tesco Scoop Ice Cream Black Forest 900Ml|0.60g/ml|540g|¬£2.75|¬£0.31/100ml|¬£0.51/100g
Tesco Scoop Ice Cream Chocolate With Cookies 900Ml|0.60g/ml|540g|¬£2.75|¬£0.31/100ml|¬£0.51/100g
Tesco Scoop Ice Cream Strawberries And Cream 900Ml|0.60g/ml|540g|¬£2.75|¬£0.31/100ml|¬£0.51/100g
Kelly's Clotted Cream Ice Cream 1 Litre|0.40g/ml|400g|¬£2.00|¬£0.20/100ml|¬£0.50/100g
Tesco Mint Chocolate Ice Cream 900Ml|0.52g/ml|468g|¬£2.00|¬£0.22/100ml|¬£0.43/100g
Tesco White Chocolate And Raspberry Ice Cream 900Ml|0.52g/ml|468g|¬£2.00|¬£0.22/100ml|¬£0.43/100g
Kelly's Cornish Vanilla Dairy Ice Cream 2 Litres|0.48g/ml|954g|¬£4.00|¬£0.20/100ml|¬£0.42/100g
Tesco Caramel Vanilla Ice Cream 900Ml|0.53g/ml|477g|¬£2.00|¬£0.22/100ml|¬£0.42/100g
Tesco Cookies And Cream Ice Cream 900Ml|0.53g/ml|477g|¬£2.00|¬£0.22/100ml|¬£0.42/100g
Tesco Triple Chocolate Ice Cream 900Ml|0.54g/ml|486g|¬£2.00|¬£0.22/100ml|¬£0.41/100g
Tesco Coconut Ice Cream And Pineapple Sorbet 900Ml|0.55g/ml|495g|¬£2.00|¬£0.22/100ml|¬£0.40/100g
Tesco Vanilla Ice Cream 900Ml|0.55g/ml|495g|¬£2.00|¬£0.22/100ml|¬£0.40/100g
Kelly's Honeycomb Crunch 950Ml|0.53g/ml|499g|¬£2.00|¬£0.21/100ml|¬£0.40/100g
Tesco 4 Belgian Chocolate And Mint Ice Creams 440Ml|0.71g/ml|312g|¬£1.25|¬£0.28/100ml|¬£0.40/100g
Tesco Cherry Vanilla Ice Cream 900Ml|0.56g/ml|504g|¬£2.00|¬£0.22/100ml|¬£0.40/100g
Kelly's Chocolate Brownie Salted Caramel 950Ml|0.54g/ml|514g|¬£2.00|¬£0.21/100ml|¬£0.39/100g
Kelly's Salted Caramel 950Ml|0.55g/ml|518g|¬£2.00|¬£0.21/100ml|¬£0.39/100g
Kelly's Berry Eton Mess 950Ml|0.55g/ml|520g|¬£2.00|¬£0.21/100ml|¬£0.38/100g
Tesco Cornish Cream Dairy Ice Cream 1Ltr|0.52g/ml|520g|¬£2.00|¬£0.20/100ml|¬£0.38/100g
Tesco Cornish Ice Cream 2 Litres|0.52g/ml|1040g|¬£3.00|¬£0.15/100ml|¬£0.29/100g
Walls Soft Scoop Vanilla Ice Cream 1.8L|0.44g/ml|792g|¬£2.20|¬£0.12/100ml|¬£0.28/100g
Walls Soft Scoop Light Vanilla Ice Cream 1.8L|0.45g/ml|810g|¬£2.20|¬£0.12/100ml|¬£0.27/100g
Tesco Soft Scoop Vanilla Ice Cream 1Ltr|0.43g/ml|430g|¬£1.00|¬£0.10/100ml|¬£0.23/100g
Tesco Soft Scoop Chocolate 2 Litres|0.43g/ml|860g|¬£1.65|¬£0.08/100ml|¬£0.19/100g
Tesco Soft Scoop Neapolitan 2 Litres|0.43g/ml|860g|¬£1.65|¬£0.08/100ml|¬£0.19/100g
Tesco Soft Scoop Vanilla 2 Litres|0.43g/ml|860g|¬£1.65|¬£0.08/100ml|¬£0.19/100g
Tesco Soft Scoop Mint Chocolate Chip 2 Litres|0.45g/ml|900g|¬£1.65|¬£0.08/100ml|¬£0.18/100g
Tesco Soft Scoop Raspberry Ripple 2 Litres|0.46g/ml|920g|¬£1.65|¬£0.08/100ml|¬£0.18/100g
Tesco Everyday Value Soft Scoop Vanilla Ice Cream 2 Litre|0.40g/ml|800g|¬£0.92|¬£0.05/100ml|¬£0.12/100g

#Excluded from lists (there was no way to calculate their density given information provided online)

* Cadbury Crunchie Ice Cream 480Ml
* Cadbury Flake Ice Cream 480Ml
* Daim Ice Cream 480Ml
* Franks Diabetic Vanilla Ice Cream 1 Litre
* Halo Top Chocolate Flavoured Ice Cream 473Ml
* Halo Top Cinnamon Roll Ice Cream 473Ml
* Halo Top Peanut Butter Cup Ice Cream 473Ml
* Halo Top Vanilla Bean Ice Cream 473Ml
* Mackie's Traditional Luxury Dairy Ice Cream 1 Litre
* Wheyhey Chocolate Ice Cream 4 X 100Ml
* Wheyhey Vanilla Ice Cream 4 X 100Ml

All information is from tesco.com.",https://www.reddit.com/r/CasualUK/comments/7z5bda/some_ice_cream_research/,1519217617.0,74,0.96,61,CasualUK,Pigeoncow
7z5avn,Guys I'm over in Bruges at the minute. Are the Belgians WELL behind on fashion or are these things due a comeback!?,,https://imgur.com/ZNQosgw,1519217476.0,144,0.96,76,CasualUK,TheBombadillo
7z4ym1,Review of a kebab shop in Barnsley,,https://i.redd.it/ggvb9ejb0kh01.jpg,1519213559.0,1224,0.97,145,CasualUK,Infinite_Pug
7z4hnp,Two tickets from London to Stafford on top of this sign at Euston (must have Two Together Railcard),,https://i.redd.it/mww4xgvwhjh01.jpg,1519207370.0,176,0.91,24,CasualUK,dollyte87
7z4554,"If they added walking to buy a packet of fags in the rain to the Winter Olympics, do you think we‚Äôd win?",,https://www.reddit.com/r/CasualUK/comments/7z4554/if_they_added_walking_to_buy_a_packet_of_fags_in/,1519202512.0,374,0.95,75,CasualUK,experience_sandbox
7z41zr,So last night I was stood up for a skype job interview.,[deleted],https://www.reddit.com/r/CasualUK/comments/7z41zr/so_last_night_i_was_stood_up_for_a_skype_job/,1519201216.0,112,0.95,153,CasualUK,[deleted]
7z414b,Cheers for the quality delivery service mate - 10/10 for not leaving a card so this sat in the rain for 3 days. That was a nice touch.,,https://imgur.com/gallery/Mbf5Q,1519200877.0,665,0.97,186,CasualUK,Guruchill
7z09w6,2018 just got interesting!,[deleted],https://i.redd.it/4y7g8qye3gh01.jpg,1519166154.0,79,0.9,22,CasualUK,[deleted]
7z073h,Looks like Rotherham Police had a Hot Fuzz moment earlier today,,https://i.redd.it/r4bnroxo1gh01.jpg,1519165595.0,275,0.97,26,CasualUK,Sir_Spicious
7z068p,Kids these days don‚Äôt know what they are missing.,,https://i.redd.it/gyar8rx81gh01.jpg,1519165422.0,60,0.88,45,CasualUK,QuQuTrain
7yxm59,BBC reports increased chainsaw sales,,https://i.boring.host/LGA8OBPJ.png,1519147227.0,76,0.93,15,CasualUK,[deleted]
7yx8i8,[Flair Request] Newcastle Brown Ale,"Sometimes the people of Newcastle feel left out, for example we never get hosepipe bans or nobody wants to build additional runways at our airport, and don't even get me started on HS2. So I plead to the mods, please give us what we have dreamed of all along, a Newcastle Brown Ale flair. 

Now I know some of you will say ""but you already have a Greggs flair? What more can you want? Bloody Northerner!"" Well the people of the South-West have Thatchers and Doom Bar flairs so that argument is immediately invalid and racist so don't bother bringing it up. 

If it happens, this will be the greatest thing to happen to Newcastle since the horse punch Tyne-Wear Derby incident or maybe even the Gazza chicken nuggets and fishing rod moment. 

Please mods, do what is right. 



",https://www.reddit.com/r/CasualUK/comments/7yx8i8/flair_request_newcastle_brown_ale/,1519144495.0,74,0.91,32,CasualUK,denham599
7yx2ld,When I start to miss home here at uni I look back at photos from home.,,https://i.redd.it/9hkqdfui7eh01.jpg,1519143317.0,716,0.96,67,CasualUK,die4codgrimsby
7ywtun,You lot seen this? It could be our moment in the sun!,,https://www.reddit.com/r/europe/comments/7yuj3a/idea_what_about_having_our_own_eurovision_on/duje889/,1519141478.0,153,0.97,60,CasualUK,xSpiralStatic
7ywdjc,"BBC Olympics coverage: ‚ÄúWhat a lovely trip down memory lane watching Torville and Dean‚Äôs 1994 Gold Medal performance. Next up we hav- oh, I‚Äôm hearing in my ear that it‚Äôs been 7 seconds so now join us on a lovely trip down memory lane with Torville and Dean‚Äôs 1994 Gold Medal Performance.‚Äù",,https://www.reddit.com/r/CasualUK/comments/7ywdjc/bbc_olympics_coverage_what_a_lovely_trip_down/,1519137979.0,181,0.97,56,CasualUK,PorschephileGT3
7yvng3,At the snooker with Grandad today,,https://i.imgur.com/mACfiZn.jpg,1519131180.0,192,0.96,31,CasualUK,Quinny_Bob
7yvmy1,Someone reviewed their climb up Ben Nevis 1* on trip advisor because it was too high.,,https://www.thepoke.co.uk/2018/02/19/someone-reviewed-climb-ben-nevis-peak-tripadvisor/,1519131028.0,208,0.98,69,CasualUK,[deleted]
7yvl32,"I can't smell anything, so either they resolved the issue or I'm what's causing it. Fingers crossed, eh?",,https://imgur.com/sSklyTB,1519130491.0,92,0.97,12,CasualUK,lagoon83
7yuq88,Wow... They've thought of everything.,,https://imgur.com/ga5gCKy,1519119949.0,138,0.97,31,CasualUK,nathane87
7yuode,The guitarist for Queen has really went down hill,,https://imgur.com/Hbc4FtR,1519119233.0,80,0.83,11,CasualUK,fireball_73
7yug4u,View from the top of the Ingleton Waterfalls Trail yesterday afternoon,,https://i.imgur.com/yp3uCYN.jpg,1519116152.0,107,0.96,7,CasualUK,SquireBev
7yty6c,There was a murder in my garden,"My kitchen is on the second floor of the house and I often throw food out for the birds. 

I saw a big, black crow sat on the fence as if it was looking for food so I tore up some bread and threw it out of the window.

It flew down, examined the bread and then started 'cawing' really loudly.

A few seconds later, 5 more crows flew down and joined it.

It was like he was telling his friends that he'd found some food and would they like to join him!",https://www.reddit.com/r/CasualUK/comments/7yty6c/there_was_a_murder_in_my_garden/,1519109331.0,380,0.93,63,CasualUK,GTBlues
7yqx6h,"Forget football hooliganism, bowls is where the real Firms are at",,https://i.redd.it/vlkdw3mkz8h01.jpg,1519080259.0,88,0.99,23,CasualUK,MellotronSymphony
7ypcsv,TIL:Calls to 118 118 are charged ¬£8.98 per call plus ¬£4.49 per minute (after 60 seconds) including VAT plus the access charge set by the caller's landline or mobile phone provider.,How is this not classes as a scam?,https://www.reddit.com/r/CasualUK/comments/7ypcsv/tilcalls_to_118_118_are_charged_898_per_call_plus/,1519068750.0,383,0.98,93,CasualUK,Jeff-Stelling
7yok97,They had to name a country that begins with D on Pointless...,,https://i.imgur.com/1OCFQFO.jpg,1519063100.0,272,0.96,52,CasualUK,Anguss
7yniq2,It's all kicking off in Liverpool...,,https://i.imgur.com/9lyBojO.jpg,1519055259.0,625,0.97,67,CasualUK,albo_underhill
7ymspo,What weird thing did your school think was completely normal?,"My school thought 'New Shoes Monday' was a thing. There was an odd parade of students who had new shoes every Monday morning, casually showing them off in a weird little fashion show to the rest of the students who hadn't been bought new shoes.",https://www.reddit.com/r/CasualUK/comments/7ymspo/what_weird_thing_did_your_school_think_was/,1519048660.0,121,0.96,261,CasualUK,josef_black
7ylhr6,There appears to be a statue of Nocturnal from Skyrim in my local town centre,,https://i.redd.it/67tutyuw05h01.jpg,1519032175.0,245,0.96,16,CasualUK,pyro-ro
7yl1c2,Sure why not do all your make up and nails on the train not like the other 30 of us mind not being able to breath,"So every Monday she seems to be doing more and more on the train, last week she was doing her make up complete with light up mirror and multiple bags of make up on table whilst talking loudly on the phone this week she‚Äôs added doing her nails as well might bring full respiratory gear next Monday!
Think I am going to retaliate next week by having a shave and a poo opposite her :)",https://www.reddit.com/r/CasualUK/comments/7yl1c2/sure_why_not_do_all_your_make_up_and_nails_on_the/,1519025566.0,95,0.89,59,CasualUK,Flyingtowlie
7yi40h,My mates in London don‚Äôt believe the moors are beautiful. This changed their minds.,,https://i.redd.it/6ml2byxkx1h01.jpg,1518994704.0,83,0.88,39,CasualUK,_my_eye_holes_
7yhkac,Phil &amp; Kirsty fodder...,,https://i.imgur.com/FKCmQ0l.jpg,1518989812.0,644,0.99,62,CasualUK,spicerldn
7yhh5r,Anyone else find the idea of fish and chips better than the reality?,"I'll accept my glassing if I'm wrong, but even from the ""good"" chippy (and don't get me started on that pier-end shite) it's pretty disappointing after the first few bites?  I'm just left feeling regretful.  I know it's unpatriotic to say so, and I do try to have them now and again to keep the traditions alive, but always regret it and am slow to learn.

Anyone else in the same heretical camp, or just me?",https://www.reddit.com/r/CasualUK/comments/7yhh5r/anyone_else_find_the_idea_of_fish_and_chips/,1518989071.0,134,0.9,119,CasualUK,goldfishpaws
7yh4v5,The Sussex Police official ebay page is selling these now.,,https://i.redd.it/vmi0z1bf81h01.png,1518986236.0,144,0.97,33,CasualUK,TwentyHundredHours
7ygnt1,"My late valentines gift, I think I'm in heaven!",,https://i.redd.it/2mr2v1xfx0h01.jpg,1518982560.0,74,0.93,22,CasualUK,Tea_For_Me_Please123
7ygcih,For when you need cleaners with that human touch,,https://i.redd.it/4jhbpjp9q0h01.jpg,1518980133.0,152,0.95,8,CasualUK,instantlyforgettable
7yg1c0,"There's a new Lidl opening up in Richmond on the 22nd. They're expanding all across the country, Lidl by Lidl.",[deleted],https://www.reddit.com/r/CasualUK/comments/7yg1c0/theres_a_new_lidl_opening_up_in_richmond_on_the/,1518977639.0,105,0.91,26,CasualUK,[deleted]
7yf2uk,Built an improved search engine for Netflix in the UK - hopefully it will help you find something to watch faster :),,https://uk.flixboss.com,1518969528.0,240,0.97,45,CasualUK,hideo-flx
7yetod,I wish opening a Chocolate Orange worked like this...,,https://i.imgur.com/wXuUHGl.gifv,1518967072.0,119,0.97,7,CasualUK,gazchap
7yer5a,Getting a taxi home after a night out starterpack,,https://i.imgur.com/3yFjD3k.png,1518966387.0,254,0.94,44,CasualUK,[deleted]
7yep8a,Experienced a miracle this morning!,,https://i.redd.it/bxdxia8xjzg01.jpg,1518965895.0,671,0.98,33,CasualUK,KingStokie
7yebrp,Pub 'stabbing' incident turns out to be very drunk man with minor cut from toilet cubicle,,https://www.devonlive.com/news/devon-news/pub-stabbing-incident-turns-out-1229574,1518961827.0,82,0.95,3,CasualUK,Hamsternoir
7ye5j0,"Red Leicester, Branston , Mini Cheddar and lettuce sandwhich",[deleted],http://imgur.com/D9glAmC,1518959620.0,64,0.88,16,CasualUK,[deleted]
7ye4va,When the local authority thinks over drinking is becoming too much of an issue,[deleted],https://i.redd.it/p6etk1xk0zg01.jpg,1518959381.0,238,0.97,57,CasualUK,[deleted]
7ydu0w,Anyone remember these little beauties?,,https://i.redd.it/4l20m8wtnyg01.jpg,1518955096.0,76,0.87,26,CasualUK,[deleted]
7ydpi1,I received colorful feedback from my last job interview for a homeless charity.,,https://i.redd.it/aoo2tfwchyg01.jpg,1518952918.0,1391,0.98,254,CasualUK,[deleted]
7ydce0,Been watching the Lord of the Rings films with my now teenage daughter cos they were free on Amazon Prime. We had to stop half way through the third one the other day and now they're no longer free on prime. Bloody livid!,,https://www.reddit.com/r/CasualUK/comments/7ydce0/been_watching_the_lord_of_the_rings_films_with_my/,1518946498.0,102,0.93,50,CasualUK,Al_Bee
7yd9kh,BBC News ‚ÄòHave Your Say‚Äô comment rage bingo,[deleted],https://www.reddit.com/r/CasualUK/comments/7yd9kh/bbc_news_have_your_say_comment_rage_bingo/,1518945112.0,134,0.96,57,CasualUK,[deleted]
7yd7sa,Relatable,,https://i.redd.it/7g01oj7jrxg01.jpg,1518944229.0,17918,0.93,109,CasualUK,theycallmedaddy111
7yd69w,Dodgy goings on in the church...,,https://i.redd.it/x8asy2gdpxg01.jpg,1518943503.0,528,0.97,22,CasualUK,BreakingGood
7yadhd,"Well...you‚Äôd have to, wouldn‚Äôt you?",,https://i.redd.it/qag00p9fyug01.jpg,1518910226.0,144,0.97,10,CasualUK,JerkyOnassis
7yac1n,"Who else remembers Caecilius, Metella and co.?",[deleted],https://i.redd.it/9g8x5hntwug01.jpg,1518909818.0,196,0.96,87,CasualUK,[deleted]
7y9szk,Nothing is more infuriating. Nothing.,,https://i.redd.it/1b7oxdj9iug01.jpg,1518904795.0,103,0.9,24,CasualUK,skintt
7y95ee,At least they're managing expectations.,,https://i.redd.it/nb377esq0ug01.jpg,1518898901.0,146,0.98,19,CasualUK,[deleted]
7y94k7,Fluffy Scottish highland calf,,https://gfycat.com/SolidSaltyAmericancrow,1518898710.0,318,0.99,12,CasualUK,[deleted]
7y88yp,This old Beano comic didn't age well...,,https://i.redd.it/zpzdfuk6dtg01.jpg,1518890980.0,93,0.87,22,CasualUK,bigbrother2030
7y7oht,Someone doesn't think highly of this guy,,https://i.imgur.com/fd6HwWq.jpg,1518885720.0,141,0.97,16,CasualUK,UKTomm
7y6mvq,GB Win gold and bronze in the women's skeleton!,,http://www.bbc.co.uk/sport/winter-olympics/42981272,1518874186.0,272,0.97,28,CasualUK,Tim-Sanchez
7y6iit,Vanilla Ice‚Äôs new home range,,https://i.redd.it/prhv42i4urg01.jpg,1518872462.0,756,0.96,35,CasualUK,gyp23
7y6ih6,Wouldn't even serve me the bitch,,https://v.redd.it/5xvytge2urg01,1518872459.0,101,0.92,6,CasualUK,CaCtus_SaNdwich
7y6cia,Shout out to the guest on radio stoke who glassed a duck,"Gotta love BBC local radio, they got a bloke on to discuss poetry, and the blokes opening line was ‚Äúyou ever glassed a duck?‚Äù

The presenter said no I haven‚Äôt...

To which the guest replied, ‚ÄúI did, it was self defence‚Äù",https://www.reddit.com/r/CasualUK/comments/7y6cia/shout_out_to_the_guest_on_radio_stoke_who_glassed/,1518869922.0,233,0.98,14,CasualUK,clarky9712
7y67wt,Kendrick Lamar visited my mates Grandma's house. They had Shepherd's Pie for dinner.,[deleted],https://www.reddit.com/r/KendrickLamar/comments/7y5u4n/heres_kendrick_at_my_friends_grandmas_british/?utm_source=reddit-android,1518867876.0,461,0.97,35,CasualUK,[deleted]
7y5xb3,Rate my workmans breakfast,,https://imgur.com/rhireE6,1518862835.0,170,0.87,66,CasualUK,Ubba_Lothbrok
7y5rxt,"""I love my other half, but I whither a little inside each time he/she...""","Today it's the washing machine.  Smaller load/faster spin/drier clothes to hang out.

Earlier it was finding scissors blunted by hacking through twigs put back innocently in the pot.  Which I discovered when I tried to cut open the vacuum packed smoked mackerel but couldn't, but also discovered she'd clawed a hole in the front, mangling the elegant fillets.

None of this is even remotely divorce-worthy, glassing seems disproportionate, but decades of explaining don't seem to have got through.  

I left the title quote marks and ellipsis as I'm sure some of my fellow travelers have petty partner gripes.

EDIT TO ADD - I just came back thinking maybe I should delete this for sheer pettiness, but it's been stickied and already drawn enough attention that it seems to be the safe space we all need!  Let's save some marriages today ;-)",https://www.reddit.com/r/CasualUK/comments/7y5rxt/i_love_my_other_half_but_i_whither_a_little/,1518860256.0,125,0.93,212,CasualUK,goldfishpaws
7y5r3o,Author Tom Cox describes an encounter with some cows in Norfolk.,,https://imgur.com/a/Ks5jp,1518859843.0,276,0.97,28,CasualUK,HPB
7y5pp0,I suspect Take Me Out is discreetly sponsored by Nando‚Äôs.,Because you can‚Äôt say Isle of Fernando‚Äôs without subconsciously saying I‚Äôll have a Nando‚Äôs.,https://www.reddit.com/r/CasualUK/comments/7y5pp0/i_suspect_take_me_out_is_discreetly_sponsored_by/,1518859148.0,442,0.98,58,CasualUK,kitjen
7y59o4,"Plymouth man completes 21,000 mile pub crawl in a TVR...",[deleted],http://www.bbc.co.uk/news/uk-england-devon-43056769,1518851826.0,80,0.94,22,CasualUK,[deleted]
7y58al,A healthy dose of high street nostalgia for your Saturday,,https://i.redd.it/r0mtph533qg01.jpg,1518851260.0,504,0.93,271,CasualUK,BreakingGood
7y3h7k,The view from the top of the BT Tower,,https://i.redd.it/wpv4lfjpaog01.jpg,1518829638.0,64,0.91,12,CasualUK,Look_Alive
7xzslc,Just been to see the Terracotta Army in Liverpool. It's amazing!,,https://imgur.com/IyVtSCf,1518797873.0,131,0.96,40,CasualUK,Eryri93
7xz2qj,Sound advice,,https://i.imgur.com/4mkfkqJ.jpg,1518791451.0,237,0.96,7,CasualUK,wilbo-swaggins
7xz251,I'm torn between free kindling and being murdered,,https://i.redd.it/xmwmy50o4lg01.jpg,1518791281.0,571,0.99,16,CasualUK,dorgoth12
7xyfyv,Happy Chinese New Year!,,https://image.freepik.com/free-vector/background-with-dog-for-chinese-new-year_23-2147732504.jpg,1518784617.0,76,0.92,15,CasualUK,Toasterfire
7xye6g,A mate prised up his floorboards to retrieve something his kid had lost and found this little slice of nostalgia,,https://i.redd.it/wiu81ds2jkg01.jpg,1518784001.0,363,0.99,56,CasualUK,c0253484
7xxpfw,"UK, if you‚Äôre not eating ‚ÄùFresh and Healthy,‚Äù give Sayed a bell.",[deleted],https://i.imgur.com/sNNHJfG.jpg,1518774332.0,309,0.97,49,CasualUK,[deleted]
7xxj54,"This week's Pub Quiz, the winner in the live version scored 22/24. How will you do?",,https://imgur.com/a/Akd9M,1518771567.0,142,0.98,148,CasualUK,Kerigorrical
7xxht4,"Dear BBC, please keep Sara Cox on the Radio2 Breakfast show? ""Rock out with your Cox out""","-Fantastic Music

-Down to Earth

-No Ego

-No Agenda

-Just 10/10
",https://www.reddit.com/r/CasualUK/comments/7xxht4/dear_bbc_please_keep_sara_cox_on_the_radio2/,1518770968.0,360,0.94,79,CasualUK,[deleted]
7xxgnb,"I‚Äôm job hunting right now, but this advert on LinkedIn is a bit much",,https://imgur.com/a/XfnNa,1518770440.0,90,0.96,13,CasualUK,crowey
7xx7ec,Rare butterfly found breeding in Scotland for first time in 130 years,,https://www.theguardian.com/environment/2018/feb/15/rare-butterfly-found-breeding-in-scotland-for-first-time-in-130-years,1518766412.0,174,0.98,10,CasualUK,[deleted]
7xvvce,Team GB have just won their first medal at the 2018 Winter Olympics!,"Dom Parsons picks up bronze in the men's skeleton and I'm glad I stayed up for it! In a stressful final run a mistake from the Latvian athlete (the reigning 5-time world champion) guaranteed Parsons' medal.

Lets hope there is more to come!",https://www.reddit.com/r/CasualUK/comments/7xvvce/team_gb_have_just_won_their_first_medal_at_the/,1518750221.0,104,0.95,18,CasualUK,capnrondo
7xuo70,Good old Scottish humour. Glad they see the funny side!,,https://i.redd.it/lpdvpfgnpeg01.jpg,1518738437.0,135,0.96,7,CasualUK,IamMrPiggy-PS
7xum87,"Since it's Red Dwarf's 30th birthday, I'd like to just point out that The Walking Dead totally ripped off Lister",,https://i.redd.it/6qkpjtsvpgg01.jpg,1518737960.0,102,0.94,16,CasualUK,pyro-ro
7xtisj,Just wanted to say cheers.,"I haven't had an account on reddit until now. But I'm a little bit tipsy and I just wanted to say thanks to this sub for always making me smile. I'm on my year abroad from uni right now (studying languages so have to spend my 3rd year abroad), and scrolling through this sub always helps a little with the homesickness. The UK is far from a perfect place but I'm happy to be a part of it. Cheers everyone üçª",https://www.reddit.com/r/CasualUK/comments/7xtisj/just_wanted_to_say_cheers/,1518728508.0,76,0.93,32,CasualUK,Beesaphine
7xt9uy,The most advanced technology in the world - appreciate what we have,[deleted],https://i.redd.it/kojthumzrfg01.jpg,1518726459.0,715,0.97,96,CasualUK,[deleted]
7xsdng,Gong xi fa chai to any Brots celebrating Chinese New Year. Enjoy your reunion meal!,,https://i.redd.it/j9pbo1tk6fg01.jpg,1518719266.0,81,0.96,31,CasualUK,EuropoBob
7xrz6v,Today's fake takeaway name,[deleted],https://i.redd.it/duwdpu31xeg01.jpg,1518716049.0,152,0.92,7,CasualUK,[deleted]
7xrwrk,"""Hey, where'd you go?""",,https://i.imgur.com/PGgTWpA.gifv,1518715499.0,143,0.94,8,CasualUK,[deleted]
7xqba7,Scotland is quite safe,[deleted],https://i.imgur.com/Hc4O2jW.jpg,1518701046.0,4483,0.95,157,CasualUK,[deleted]
7xpfa6,Personally i'd much prefer a new series of Saxondale than IAP. Anyone else out there a fan?,,https://i.redd.it/6kfw06dencg01.jpg,1518689162.0,57,0.79,25,CasualUK,cking145
7xog2i,Scotland's first sex doll brothel shuts down after upsetting the neighbours - Daily Record,[deleted],https://www.dailyrecord.co.uk/news/local-news/scotlands-first-sex-doll-brothel-12025752,1518673705.0,220,0.97,60,CasualUK,[deleted]
7xnrud,"Took 2 coop extra strong paracetamol tablets before going to bed, just realized that's 3 cups of coffee worth of caffeine. What are you guys up to at this time?","Honestly I'm a fucking idiot.

Anyone have anything that will make the existence and less shit???

Safe",https://www.reddit.com/r/CasualUK/comments/7xnrud/took_2_coop_extra_strong_paracetamol_tablets/,1518665757.0,50,0.92,40,CasualUK,hellion322
7xnlvt,Happy Smegging 30th Birthday to Red Dwarf!,,https://i.imgur.com/OG4cCgm.jpg,1518663954.0,659,0.97,146,CasualUK,Dreamxtreme
7xktdc,It's a bit worrying that we need this warning!,,https://imgur.com/5iF4lu0,1518638310.0,193,0.96,44,CasualUK,Seesawchamp
7xjd54,79yr old man passes driving test so he can take his wife to appointments and day trips. Happy Valentine's Day everyone,[deleted],http://www.bbc.co.uk/news/av/uk-england-leeds-43038652/man-79-passes-driving-test-to-help-ill-wife,1518626900.0,90,0.94,22,CasualUK,[deleted]
7xj4ol,I've lost loads of weight in the past 18 months and I just wanted to show off to everybody.,,https://imgur.com/gallery/iKNQr,1518625063.0,230,0.84,49,CasualUK,HarryGoLocky
7xi2lu,How it should be,,https://i.redd.it/mspu2ox3n6g01.png,1518615855.0,784,0.99,69,CasualUK,thesavagecheese
7xhvdq,In the Victorian era people used to send these ‚ÄúVinegar Valentines‚Äù - insulting poems - any chance we can bring them back?,,https://i.imgur.com/8iYzb05.jpg,1518613817.0,81,0.97,3,CasualUK,seanbear
7xhqn4,This sums up all local corner shops..,,https://i.redd.it/qvdvfwfsc6g01.jpg,1518612387.0,157,0.95,33,CasualUK,aff_it
7xhhvc,A prank in a Scottish pub,,https://i.imgur.com/FdZ9yPh.gifv,1518609448.0,638,0.98,44,CasualUK,[deleted]
7xhe0f,"20 years ago I learned this life skill, does anyone else still fold their crisp packets?",,https://imgur.com/J01laT9,1518607988.0,247,0.96,61,CasualUK,Random_error_
7xgr60,St Pancaketine's Day,"With the dates next together this year it occurred to me to check...  Sadly I can report that we won't see a combined St Pancaketine's Day until the 14th of February 2040.  There's Another in 2051, then none more for at least fifty years.  

So twenty-two years to get those heart shaped pancake makers ready, guys.",https://www.reddit.com/r/CasualUK/comments/7xgr60/st_pancaketines_day/,1518598715.0,76,0.92,8,CasualUK,benjymous
7xgc55,When I'm on a bus I like to look to see if my driver waves at other bus drivers from the same company. If they don't I like to imagine what triggered such a feud,I've been doing this for a while and feel it might be healthy for me to admit it publicly. ,https://www.reddit.com/r/CasualUK/comments/7xgc55/when_im_on_a_bus_i_like_to_look_to_see_if_my/,1518592614.0,3061,0.97,226,CasualUK,[deleted]
7xfnud,I turned the tv on and saw this,,https://i.redd.it/5vyvtxj614g01.jpg,1518584269.0,171,0.94,31,CasualUK,gavingiant
7xcnnc,Celebrating tonight with some Italian pancake,,https://i.imgur.com/ADq3hxs.jpg,1518555895.0,77,0.9,11,CasualUK,doctornotfound
7xciw1,Blackpool: where even the magpies are rough.,,https://i.redd.it/4usaqxmnl1g01.jpg,1518554833.0,1752,0.98,108,CasualUK,Big_Miss_Steak_
7xcdqd,"This is why, to me, Google is the greatest search engine of all time",,https://i.redd.it/pi3v0bc1i1g01.jpg,1518553682.0,73,0.94,20,CasualUK,benbread
7xca2x,Sometimes it‚Äôs just easier to take the tube,,https://i.redd.it/1ri6yhftf1g01.jpg,1518552872.0,101,0.96,12,CasualUK,SwallowStraight
7xbdio,This Poundland poster is just plain confusing...,,https://i.redd.it/17vfejjvu0g01.jpg,1518545826.0,172,0.97,39,CasualUK,JerkyOnassis
7xa5th,Ignore the After Eighters,,https://i.redd.it/haukmolm10g01.png,1518535993.0,416,0.96,45,CasualUK,[deleted]
7x93dz,Quintessentially British scenes: roadworks on a damp high street,,https://pbs.twimg.com/media/DV6Wj5ZWkAEDj6U.jpg:large,1518525513.0,60,0.93,7,CasualUK,Badgerfest
7x8tcj,It's ppppppppancake day,,https://youtu.be/WERMGYQBXwc,1518521909.0,98,0.96,63,CasualUK,grendelhund
7x8loy,"2 pubs, a cathedral, miserable weather and a cobbled street. Quintessentially British.",,https://i.redd.it/fdvqyeqwmyf01.jpg,1518518936.0,447,0.99,76,CasualUK,DrMaxMonkey
7x8dhp,Brighton Sea View,,https://i.redd.it/mg84f4excyf01.jpg,1518515578.0,81,0.94,11,CasualUK,ThomasKingston
7x8csf,Help The National Museum of Computing raise money to keep Alan Turing's Bombe at Bletchley Park.,,https://www.theregister.co.uk/2018/02/13/tnmoc_bombe_crowdfunder/,1518515268.0,84,0.97,10,CasualUK,Snowdozen
7x8cr2,For toads sake!,,https://i.redd.it/qaw7skzvbyf01.jpg,1518515249.0,125,0.96,26,CasualUK,hairybeast72
7x7uq3,Dream destination,,https://i.imgur.com/UpoQe1q.jpg,1518507685.0,9037,0.94,274,CasualUK,Hates_
7x53wc,Can't wait for tomorrow. #shrovetuesday,,https://i.redd.it/vvwfg2e0bvf01.jpg,1518478712.0,113,0.96,70,CasualUK,[deleted]
7x3yyo,Save Bill Posters,,https://i.redd.it/6b74bpnyiuf01.jpg,1518469186.0,176,0.94,12,CasualUK,smarchchip
7x3rtl,"I‚Äôll be honest, I‚Äôm kinda impressed.",,https://i.redd.it/mb5fbvl7euf01.jpg,1518467581.0,557,0.99,52,CasualUK,Big_Miss_Steak_
7x20e7,"Away to get brutally mugged here, man can't even eat some chicken in public.",,https://i.redd.it/eix8o9799tf01.jpg,1518453812.0,110,0.96,34,CasualUK,MelancholyAdventure
7x1ppj,Casual Yorkshire,,https://i.redd.it/u30iv4p52tf01.jpg,1518451430.0,221,0.97,11,CasualUK,ac07682
7x09kz,Filming begins on new Alan Partridge series for BBC One,,http://www.edp24.co.uk/going-out/filming-begins-on-new-alan-partridge-series-1-5391198,1518436842.0,143,0.97,65,CasualUK,TopTrumpWANKER
7x00a4,Queen bans plastic straws and bottles on royal estates after David Attenborough documentary,,http://www.independent.co.uk/news/uk/home-news/queen-bans-plastic-straws-and-bottles-on-royal-estates-a8205896.html?,1518433322.0,121,0.95,25,CasualUK,[deleted]
7wzyv4,"My local Peri-Peri, I know kebabs usually get a bad rap for ingredients...",,https://i.redd.it/tl9hyielirf01.png,1518432768.0,60,0.93,8,CasualUK,maestrojv
7wzx1l,Do you find yourself ignoring negative news?,"I know that echo chambers are dangerous but I‚Äôve managed to filter the gutter press from Apple News, don‚Äôt subscribe to negative reddits, and don‚Äôt watch the news on the TV at all. 

I find the constant reel of impending doom to be so bloody depressing; ‚Äúyour job will disappear in 10 years‚Äù, ‚Äúyou won‚Äôt be able to get a mortgage‚Äù, ‚Äúyour pay will be cut and you‚Äôll starve to death‚Äù, etc, etc...

Does anyone else find themselves actively dodging the news?",https://www.reddit.com/r/CasualUK/comments/7wzx1l/do_you_find_yourself_ignoring_negative_news/,1518432020.0,60,0.93,58,CasualUK,byjimini
7wzn87,Reminder: It's Pancake Day Tomorrow ü•û,Don't forget to pick up your ingredients today if you need to.,https://www.reddit.com/r/CasualUK/comments/7wzn87/reminder_its_pancake_day_tomorrow/,1518427930.0,93,0.96,79,CasualUK,[deleted]
7wzmaz,Ironically this is probably my most truthful excuse for being late to work,,https://i.redd.it/coe2dda63rf01.jpg,1518427549.0,476,0.97,30,CasualUK,[deleted]
7wzkw5,If you just spit your gum on the floor you're a bit of a bumhole.,,https://i.redd.it/zxayp4w61rf01.jpg,1518426958.0,10254,0.94,412,CasualUK,albo_underhill
7wzcio,Someone in my office intentionally drinks sparkling water. All this time I‚Äôd thought it was just a cruel joke to make you pay attention to what you‚Äôre buying.,,https://www.reddit.com/r/CasualUK/comments/7wzcio/someone_in_my_office_intentionally_drinks/,1518423347.0,240,0.95,109,CasualUK,NotASexJoke
7wynhb,Crappy photo of the overnight snow. Did it snow in your neck of the woods?,,https://i.redd.it/biznpuriypf01.jpg,1518413917.0,74,0.95,34,CasualUK,glittermustardmo
7ww3r7,Why do people get such gritting rage?,[deleted],https://www.reddit.com/r/CasualUK/comments/7ww3r7/why_do_people_get_such_gritting_rage/,1518387795.0,69,0.92,28,CasualUK,[deleted]
7wu89k,The hatred of bad eating manners runs strong in our blood,,https://i.redd.it/hu25dwtvfmf01.png,1518371289.0,105,0.92,24,CasualUK,SacredShape
7wtxkq,"I am socially lost, depressed, and don't know what to do.","Apologies if this isn‚Äôt really the right place for this sort of post but I am in the UK and have browsed the subreddit for a while so it seemed appropriate. I also apologise for the long rant/post and excessive details about myself but I feel I need to get these things off my chest.

I am 21 and for the past 2.5 years, I have had no real friends or social interaction outside of work. I left college in 2015 and never really spoke again to the friends I had there. After I left college, I chose to do a degree with the Open University since during college I was quite introverted and afraid that, if I went to a real university, I would hate living with other people and the general experience. I am still doing my degree and am roughly 6 months away from finishing it, however, I now think it was a mistake to not to go to a real university, due to the experiences and social opportunities I missed out on.

I think during college I kept telling myself that I didn‚Äôt need friends or a girlfriend, since I was raised fairly well off and thought money would make me happy. I did not make much of an effort to befriend people and socialise, though I did make about three friends (mostly because of their effort) and talk to a few acquaintances occasionally in classes. Therefore, when it came time to leave, I thought I could manage perfectly fine on my own and in isolation. For the first 2 years or so, I think I managed to get by without any huge breakdowns, though I was never particularly happy, as I was also working part time in a butchery that I actually quite enjoyed and earned a decent amount of money. Though there was always something lingering in the back of my mind that I was alone and unhappy, whenever I would go out into town and see people my age with their friends or partners I would feel envious but tried to ignore it. I joined the gym in 2016 to try to build confidence (also to look better, get stronger, etc), though it doesn‚Äôt seem to have helped significantly in that area.

Anyway, in April 2017 the butchery I worked in closed down and I was moved over to the general store side of the shop, with all the other people I knew in the butchery leaving to work elsewhere. I hated working on the other side, and I generally spent 8 hours a day in a small room on my own in the ‚Äòbakery‚Äô, eventually leaving in November. However, the main turning point was about half a year ago when I was driving in town and saw one of my old friends from college, who went to university and don‚Äôt speak to anymore. I couldn‚Äôt speak to them since I was driving, though it made me realise that two years had passed by and I had been doing nothing but studying and working entirely on my own, when everyone else had moved on, made friends, and was enjoying life. Since then I have been more depressed than usual, I added my other 2 old friends on Facebook though it feels like they might just tell me to fuck off if I try and talk to them after 2 years of nothing.

In addition to this, I also developed some physical health issues in September/October, which have made day-to-day quite hard, though after a recent hospital appointment I am hopeful they should clear up. My parents also decided to live separately in October so I moved into a smaller house, though they are going on holiday together in March so fuck knows what‚Äôs going to happen there. I have always had suicide at the back of my mind if I get older and make little progress in life or become a failure since I live quite close to a railway, though I don‚Äôt think I‚Äôll ever go through with that unless something extreme happens. I am considering going to my GP about my mental health though whether or not they‚Äôll be interested I don‚Äôt know, when I‚Äôve been going for other issues they didn‚Äôt seem to care much.

At this point, I really don‚Äôt know how to go about meeting people or making friends, since my degree is entirely online and I haven‚Äôt properly socialised in over 2 years or made friends outside of college. I am hoping that I will be able to a master‚Äôs degree afterwards, in which case I would certainly go to a real university and live in halls or something. I am aware I need to make significant effort myself, get out of my comfort zone, and not just expect people to like me. I am by no means attractive which may or may not have made things worse but I am normal weight and height. I would love any suggestions as to how I could go about trying to better myself or meet new people, since it seems quite apparent to me that I need to change myself fundamentally.

I can't really make a **tl;dr** but if you like just ignore the middle bits really.

Thank you.

**EDIT:** I am extremely grateful for all the replies and advice everyone has given to me, I have been reading all of them and I feel more confident now in doing things I wouldn't have before. Thank you all.",https://www.reddit.com/r/CasualUK/comments/7wtxkq/i_am_socially_lost_depressed_and_dont_know_what/,1518368629.0,162,0.94,81,CasualUK,ContentConcern
7wtjc7,"Derwent Water, Keswick, The Lake Distric",,https://i.redd.it/0pepra6gwlf01.jpg,1518364758.0,178,0.98,17,CasualUK,[deleted]
7wsp4z,"As seen on Twitter, every part of Tewkesbury Abbey could be a band on the lineup for Glastonbury",,https://i.redd.it/hqk0jdma2lf01.jpg,1518354612.0,587,0.98,39,CasualUK,c0253484
7wso3o,"Just been for a 20 minute walk during which it was windy, rained, hailed, snowed, thundered, then there was glorious sunshine.",[deleted],https://www.reddit.com/r/CasualUK/comments/7wso3o/just_been_for_a_20_minute_walk_during_which_it/,1518354205.0,291,0.98,19,CasualUK,[deleted]
7wshqm,Someone stole my gas meter last night,"Genuinely does anyone know why? It's not even a smart meter, it's an old prepayment one. I guess it makes a change from my green wheelie bin being nicked. Cheers Sunderland.",https://www.reddit.com/r/CasualUK/comments/7wshqm/someone_stole_my_gas_meter_last_night/,1518351505.0,88,0.98,35,CasualUK,Coolnumber11
7wsazr,My local Iceland are changing their shop front sign. The nostalgia swelled up when I saw what was underneath it.,,https://i.imgur.com/vTCx8dq.jpg,1518348200.0,1582,0.97,98,CasualUK,comrademikey
7ws8z6,Baa Bar Fleet Street rinsing this poor bloke,[deleted],https://i.redd.it/j9sx5n97gkf01.jpg,1518347186.0,3225,0.94,130,CasualUK,[deleted]
7ws3be,This BBC quote üî•,[deleted],https://i.redd.it/1vfpb5op7kf01.jpg,1518344326.0,113,0.99,12,CasualUK,[deleted]
7wrziy,"As a Brit living in Australia, I want to say thank you.","You guys have really helped me with my homesickness. I've been in Australia for almost 5 years now, and even though the homesickness isn't as bad as it used to be, I still think of things back home all the time.

I love and hate this subreddit because I can engage in discussion and banter that is homely and familiar, but at the same time can make me reminiscent and sad, but hey, I'm thankful that everyday I can check in to this sub, you guys are awesome.

I hope to return back to the UK soon, I just earn way too much money here in Australia to move back at the moment, I'll be giving myself a 50% wage cut to come back home. 

Crack open a cherry coke and a custard doughnut for me friends. 


****

and mods if this sort of post isn't appropriate feel free to delete it, I just wanted to vocalise my appreciation.
",https://www.reddit.com/r/CasualUK/comments/7wrziy/as_a_brit_living_in_australia_i_want_to_say_thank/,1518342453.0,235,0.94,87,CasualUK,wwesmudge
7wrs5x,"Has anyone woke up and as usual thought ""I am not drinking ever again"" and actually stopped?","I don't drink that often these days but after an enjoyable dry January I have been out twice in two weeks. I don't really enjoy it anymore and my ever ageing body seems to have had enough. Seems it is time to stop, anyone else been there?",https://www.reddit.com/r/CasualUK/comments/7wrs5x/has_anyone_woke_up_and_as_usual_thought_i_am_not/,1518338728.0,80,0.96,62,CasualUK,molehill
7wq7og,I did it lads,[deleted],https://www.reddit.com/r/CasualUK/comments/7wq7og/i_did_it_lads/,1518317141.0,161,0.89,26,CasualUK,[deleted]
7wmv5u,"Furious. 1 blackcurrent, 1 lime, no strawberry and the rest lemon and orange. Rowntrees you bastards.",,https://imgur.com/IBNi2c5,1518284462.0,3087,0.97,195,CasualUK,Stuf404
7wmpms,Lollipop man's high-five ban lifted in U-turn,,http://www.bbc.co.uk/news/uk-england-manchester-43015924,1518283082.0,77,0.96,14,CasualUK,Barbecue_Wings
7wmkgz,"Me again, there a 21.17 ticket from Nottingham to Sheffield on top of the shorter green thing below the station tram stop. 16 - 25 railcard needed again.",[deleted],https://i.redd.it/8a65f5no1ff01.jpg,1518281769.0,80,0.83,2,CasualUK,[deleted]
7wlyzs,If anyone needs to get to Nottingham from Sheffield there is a ticket for the 17.06 train on the top of the left ticket machine. You will need a 16-25 railcard. Good luck!,[deleted],https://i.redd.it/4s6r00i1kef01.jpg,1518275833.0,613,0.95,24,CasualUK,[deleted]
7wlmin,Throwing glass bottles into a glass recycling point and hearing them smash is one of the simple pleasures in life,Trying to get them to smash is the best bit,https://www.reddit.com/r/CasualUK/comments/7wlmin/throwing_glass_bottles_into_a_glass_recycling/,1518271841.0,660,0.99,55,CasualUK,fireball_73
7wlb0j,So does normal caramel not exist anymore? Just salted caramel everywhere?,I mean I'm not complaining but it would be nice to have options other than Kraftbury,https://www.reddit.com/r/CasualUK/comments/7wlb0j/so_does_normal_caramel_not_exist_anymore_just/,1518267624.0,193,0.99,46,CasualUK,[deleted]
7wl8km,Someone near me is not having a good Saturday...,,https://i.redd.it/ye4qa1wssdf01.jpg,1518266673.0,267,0.99,27,CasualUK,Tvix
7wl6q2,The Chasers off duty,,https://i.imgur.com/AYkDJJ8.jpg,1518265930.0,560,0.98,63,CasualUK,tman612
7wl61g,What is the weirdest thing you've experienced/witnessed in a supermarket?,"This old Somerfield I know had an issue where this old woman, over 80 at least, would come in with a zimmer and was known by staff for taking bites in the bakery-made bread rolls (the ones sold loose for 25p each). As in, they'd discover multiple rolls with bites in (often pointed out by complaining customers) and they checked CCTV and it became clear it was her. So whenever she came in, the staff on the cigarette counter (by the front entrance) would do a tanoy staff announcement ""service 43"" which would be to tell a staff member (who would stop whatever they're doing) to sneakily keep an eye on her (pretend to face up nearby the bread rolls). It went on for a good couple of years (and occasionally she'd still do take bread bites when she came into the store unnoticed, often because new staff didn't know what she looked like) until she just stopped coming in any more (I assume, but don't know for sure, that she died). ",https://www.reddit.com/r/CasualUK/comments/7wl61g/what_is_the_weirdest_thing_youve/,1518265656.0,127,0.99,113,CasualUK,TopTrumpWANKER
7wl195,"I work at an English pub in Sweden and we have British week next week. This is my menu, what do you guys think?",[deleted],https://imgur.com/a/C7JyY,1518263670.0,151,0.98,239,CasualUK,[deleted]
7wkj22,I found a photo on Twitter of a bloke who's nearly completed his World Cup Panini sticker album.,,https://pbs.twimg.com/media/DVm0lo0WAAEWwhQ?format=jpg&amp;name=medium,1518255009.0,203,0.95,13,CasualUK,HPB
7wkdmk,My Supper this morning after my 12hr shift.,,https://i.redd.it/wcarjjawlcf01.jpg,1518252399.0,327,0.94,80,CasualUK,[deleted]
7wk4o0,I won ¬£16.20 on the Euromillions last night.,"My one-ticket-a-week spitting in the face of statistical unlikelihood has finally paid off. Now if only I hadn't spent ¬£1.50/¬£2.00/¬£2.50 a week all those years I'd be in profit. 

Curry tonight, with named meat! I'm not one of those who just spends any winnings immediately on scratchies. ",https://www.reddit.com/r/CasualUK/comments/7wk4o0/i_won_1620_on_the_euromillions_last_night/,1518248256.0,1449,0.94,193,CasualUK,BottleGoblin
7whkea,Someone's having fun on the 23:30 train from Euston to Wolverhampton...,,https://v.redd.it/vh08m0i9u9f01,1518218860.0,62,0.9,6,CasualUK,HydroLeonheart
7wg4ze,"Castlerigg Stone Circle, Lake District",,https://i.redd.it/i7obmkbjt8f01.jpg,1518206384.0,188,0.99,19,CasualUK,[deleted]
7wezi7,Do you have an 'arsehole swimmer' at your local pool?,"Actually to be fair, arsehole swimmer sounds like my grindr bio, but that's by the by.

I've recently started swimming in an attempt to shift some blubber. I look like Artax dying in the Swamp of Sadness but I bob along in my own style, keeping out of the way, can't rocket along because I'm fat and shit at swimming (but trying to get better).

But three for three of the pools I've tried there's been a bellend in the main bit of the pool going hell for leather up and down, splashing and getting in the way whilst giving everyone else shitty looks for going at their own pace. Two of the pools had those dedicated swim lanes with no-one in them, so I can't see why he would want to stay in the main bit aside for the fact it gave him a chance to huff and puff about less able swimmers. Talking to a few others, it seems like this is quite a common occurrence - is it, or am I just doing something massively wrong?

I do make myself feel better by shouting the word cuuuuuuuuunt at him under the water as he swooshes past, mind.",https://www.reddit.com/r/CasualUK/comments/7wezi7/do_you_have_an_arsehole_swimmer_at_your_local_pool/,1518196971.0,110,0.96,38,CasualUK,ahrimaniac
7wdn3l,I think I found the inspiration for 7 Days by Craig David,,https://i.redd.it/vec9fuet27f01.jpg,1518185293.0,97,0.96,19,CasualUK,c0253484
7wdn3g,Local Iceland going through a refurbishment. This was the sign underneath,,https://i.redd.it/rig0p6gd27f01.jpg,1518185293.0,351,0.97,75,CasualUK,amaztheking
7wcnfd,"Leaked Image of the ""Greggs Heavy"" Rocket, built to carry 65 tons of Sausage Rolls and Beef Pastys",,https://i.imgur.com/3hcGT1k.png,1518173204.0,427,0.94,39,CasualUK,Warp__
7wc942,Oopsy Daisy,,http://i.imgur.com/BG18kD0.gifv,1518167152.0,280,0.92,24,CasualUK,[deleted]
7wbt4t,Can you still tell the time on an analogue clock?,"Somewhat inspired by the Imperial Measurements thread...

At the school where I work, we've had to remove all the analogue clocks from the exam venues and replace them with big digital displays. Too many students complained that they didn't know how to tell the time on an analogue clock.

This blew my mind.

What on earth are they doing in Primary school? One of the first things we learnt was telling the time.

Do we have anyone here who's never been taught how to use an analogue clock?",https://www.reddit.com/r/CasualUK/comments/7wbt4t/can_you_still_tell_the_time_on_an_analogue_clock/,1518160353.0,218,0.97,259,CasualUK,SquireBev
7w7wr2,Seen on Facebook marketplace,,https://i.redd.it/ur65b0b2v1f01.jpg,1518122169.0,91,0.98,10,CasualUK,majorlurkminorpost
7w7uny,the essence of British transport,,https://i.redd.it/rjedu1wpt1f01.jpg,1518121697.0,85,0.96,1,CasualUK,plastic_bag_
7w7lt1,This little shit...where are his parents?,,https://i.imgur.com/G6dgOch.mp4,1518119761.0,162,0.98,40,CasualUK,the_chasr
7w6ag4,"Seeing as it's CasUK's birthday, lets have some cake!",,https://i.imgur.com/uMMv3i5.jpg,1518109608.0,606,0.97,51,CasualUK,Jobson15
7w5r0o,"Spotted in Skeggy, just how I like my tattoos",,https://i.redd.it/hltd47s1h0f01.jpg,1518105395.0,65,0.94,10,CasualUK,JamPantsTheSecond
7w4n26,Someone asked a question about Farleigh Hungerford castle on Google and this answer made me chuckle so I thought you guys might like to see it,[deleted],https://i.redd.it/u9xptizzmze01.jpg,1518095223.0,486,0.98,7,CasualUK,[deleted]
7w4j55,Is This The Way To Amarillo starring Peter Kay and an 'All Star' cast for Comic Relief 2005. This has not aged well.,,https://www.youtube.com/watch?v=yqLLDZvbG-U,1518094007.0,180,0.95,82,CasualUK,lackofemotions
7w40gd,TBT. The time I almost died crashing my bike in to a tree.,,https://streamable.com/axzf5,1518087177.0,111,0.87,11,CasualUK,HarryGoLocky
7w3o95,What not too serious advice did your parents give you that has proved invaluable ?,[deleted],https://www.reddit.com/r/CasualUK/comments/7w3o95/what_not_too_serious_advice_did_your_parents_give/,1518082167.0,72,0.95,168,CasualUK,[deleted]
7w3a9m,British pork? There's no way that was pork this sinister git was eating,,https://v.redd.it/avxd96xc2ye01,1518076341.0,464,0.95,133,CasualUK,c0253484
7w0mcs,"Just copped a classic, new still in the plastic slip",,https://i.imgur.com/1sRsCjD.jpg,1518047652.0,337,0.95,73,CasualUK,wilbo-swaggins
7vzlmo,7 hours of Danny Dyer's Deadliest Men edited into 70 seconds,,https://youtu.be/o2xuInuekNk,1518039009.0,122,0.97,17,CasualUK,Hassaan18
7vzdxq,If you slow down Adele‚Äôs ‚ÄòHello‚Äô it sounds exactly like Sam Smith,,https://v.redd.it/ylggp09btue01,1518037320.0,374,0.95,49,CasualUK,Wasted-Entity
7vz6zt,The best ward at Warwick hospital.,,https://i.redd.it/2o9znjp5que01.jpg,1518035752.0,801,0.98,37,CasualUK,Sammysamface
7vyz6k,My mum makes cakes,,https://i.imgur.com/8wRMiNU.png,1518034070.0,296,0.96,56,CasualUK,jptoc
7vwjrk,It‚Äôs official ladies and gentlemen the final edition of the yellow pages.,,https://i.redd.it/w24vo9510te01.jpg,1518014859.0,385,0.99,81,CasualUK,gavingiant
7vw57g,"They'll have any old Tom, Dick, Ann, Harry on The Chase these days...",[deleted],https://i.imgur.com/TUpxFzQ.jpg,1518010839.0,711,0.98,17,CasualUK,[deleted]
7vvy5r,This might be interesting to some people - the breakdown of a regular recording day on Pointless.,,https://i.imgur.com/qp3ODfA.jpg,1518008765.0,256,0.98,51,CasualUK,Hassaan18
7vv8mv,The chase: la b√™te,,https://i.redd.it/t28mxhqarre01.jpg,1517999813.0,3526,0.93,224,CasualUK,NoSweat_BobaFett
7vv2t9,After miles of planning i achieved a life goal,,https://i.redd.it/i42xknuvkre01.jpg,1517997656.0,211,0.95,39,CasualUK,butter_boi
7vv1pa,Help me out casualUK if you don't mind.,[deleted],https://www.reddit.com/r/CasualUK/comments/7vv1pa/help_me_out_casualuk_if_you_dont_mind/,1517997231.0,66,0.97,129,CasualUK,[deleted]
7vv137,Noel Edmund's website has turned into one of those crazy-long rant sites,,http://noel.world/,1517996964.0,107,0.97,69,CasualUK,TopTrumpWANKER
7vv0n0,Knaresborough's 'No ball games' paradox,,https://i.redd.it/yuqr4gu9ire01.jpg,1517996780.0,102,0.96,10,CasualUK,c0253484
7vukug,The tandem teabag,[deleted],https://i.imgur.com/MrAxZSS.jpg,1517990156.0,98,0.93,41,CasualUK,[deleted]
7vuapf,"As well as sick days there should be 'fuck that, you having a laugh?' days which you initiate by emailing those words to your boss.",[deleted],https://i.redd.it/ady8hwaymqe01.jpg,1517986246.0,233,0.96,85,CasualUK,[deleted]
7vrild,"Elon Musk is basically what Richard Branson was meant to be, if he'd only stopped titting around with own brand cola.",[deleted],https://www.reddit.com/r/CasualUK/comments/7vrild/elon_musk_is_basically_what_richard_branson_was/,1517958374.0,257,0.95,74,CasualUK,[deleted]
7vq2jc,"Best postie award goes to this guy. You saved me a mission, I salute you.",,https://i.redd.it/eb4r1ws5ene01.jpg,1517946970.0,182,0.97,38,CasualUK,hashtotheman
7vpsrh,Just ran my first 5k in 28 minutes. I'm fucking knackered and freezing cold. But I did it.,,https://www.reddit.com/r/CasualUK/comments/7vpsrh/just_ran_my_first_5k_in_28_minutes_im_fucking/,1517944844.0,310,0.98,58,CasualUK,HarryGoLocky
7vpild,The view from my office looked like a post-apocalyptic landscape this morning,,https://i.redd.it/rv61owl91ne01.jpg,1517942632.0,129,0.96,17,CasualUK,Willyamsss
7vpblf,"I froze some Asda cocktail sausages on their use by date last year and forgot about them. The one on the left was from the freezer, the one on the right is from a packet bought this week.",,https://imgur.com/dw7p226,1517941094.0,167,0.98,27,CasualUK,Emsicals
7voxqn,NO BALL GAMES,,https://i.redd.it/kvh0jcvnnme01.jpg,1517938083.0,116,0.98,14,CasualUK,Zedredd
7vood5,"Nice one, ASDA!",,https://i.redd.it/byymg16phme01.jpg,1517936054.0,358,0.97,71,CasualUK,Jordanbvb09
7vobta,Your scientists were so preoccupied with whether or not they could...,,https://i.imgur.com/sO8qufY.png?1,1517933242.0,104,0.95,25,CasualUK,nuclear_turkey
7vo4ek,Rail Safety,,https://i.imgur.com/HQbRJ30.jpg,1517931506.0,262,0.99,29,CasualUK,sslemons
7vo2j6,"No hate, no politics means what it says!!","Recently, there has been an outbreak of potentially offensive comments in this sub. We try very hard to keep this sub light-hearted and fun, and we do need everyone's help with this.

1) No hate means:

a) do not be gratuitously rude or unpleasant to other redditors.

b) do not make offensive jokes at the expense of other countries and cultures. There is often a fine line between comic national stereotypes and offensive ones. We now have many foreign subscribers, and everyone should be welcome here.

2) No politics means not making comments that could turn into political discussions or even alluding to politics. This rule is for the good of everyone.

Please do not try and bend or test these rules. It should be obvious to everyone what is rude and what is political. For example, a comic picture of a politician is absolutely NOT allowed on the specious argument it is a joke.

**Anybody who breaks these rules risks being banned.**

We are also trying to cut down on low quality content and content that belongs in the BritishProblems sub. ",https://www.reddit.com/r/CasualUK/comments/7vo2j6/no_hate_no_politics_means_what_it_says/,1517931067.0,133,0.99,80,CasualUK,tmstms
7vnxja,Someone in our office has literally installed a safe in the communal fridge,,https://imgur.com/vu7DBZ9,1517929819.0,450,0.99,74,CasualUK,zwich
7vnfoz,"So, apparently I lost my wallet whilst out on Saturday night. Someone put it in a post box, and it found it's way home! Thankyou mysterious, drunken samaritan!",,https://i.redd.it/ps06e0f7lle01.jpg,1517925124.0,227,0.99,17,CasualUK,ProperChopperGAF
7vmubx,I moved to Sweden for work last year. We do a Fun-Fact Friday where someone hosts a presentation about something random. I was asked to put together a 'Beginners Guide to Britain'.,,https://imgur.com/gallery/FAUEK,1517918117.0,2519,0.93,299,CasualUK,5_percent_discocunt
7vmb6d,My local shop had a renovation a while back. I can't decide if this sign was being sarcastic or just ironic.,,https://i.redd.it/tpkr0sppdke01.jpg,1517910505.0,467,0.98,10,CasualUK,c0253484
7vm7d6,Jeremy Kyle to marry his children's former nanny,,http://www.msn.com/en-gb/entertainment/celebrity/third-time-lucky-jeremy-kyle-52-to-marry-former-nanny-vicky-burton-36-after-proposing-on-romantic-caribbean-break/ar-BBIKf3V?li=BBoPWjQ&amp;ocid=iehp,1517908910.0,74,0.95,78,CasualUK,TopTrumpWANKER
7vm6lw,"John Mahoney, who played Frasier's Martin Crane, dies aged 77",,https://www.theguardian.com/tv-and-radio/2018/feb/06/john-mahoney-who-played-frasiers-martin-crane-dies-aged-77,1517908589.0,106,0.92,35,CasualUK,Llamedosian
7vlxlb,airports are a different kind of place,,https://i.redd.it/l9ln5rkpwje01.jpg,1517904787.0,554,0.95,76,CasualUK,thearguablepear
7vicoj,"Next time you‚Äôre in a supermarket take a look at the creme eggs, holy shit",[deleted],https://www.reddit.com/r/CasualUK/comments/7vicoj/next_time_youre_in_a_supermarket_take_a_look_at/,1517867682.0,78,0.97,46,CasualUK,[deleted]
7vh0ie,No smoking rules.,,https://i.redd.it/n816xszoyfe01.jpg,1517857165.0,160,0.96,34,CasualUK,Zedredd
7vgpk0,Could you survive a visit to your local pub if you had to fight the thing it was named after?,I don't fancy my chances against The Star but I'd be alright at the Rose &amp; Crown if I could take a set of bypass secateurs.,https://www.reddit.com/r/CasualUK/comments/7vgpk0/could_you_survive_a_visit_to_your_local_pub_if/,1517854734.0,99,0.97,171,CasualUK,c0253484
7vfv2u,No pissing around,,https://i.redd.it/ckjrx2gl7fe01.jpg,1517847926.0,332,0.98,14,CasualUK,allpossiblefutures
7vevzm,Just seen a stormtrooper in a kilt casually strolling down the high street. I love Scotland,,https://i.redd.it/bj398jv1hee01.jpg,1517839005.0,674,0.97,27,CasualUK,Headtenant
7venwa,These toilet rolls in Tescos.,,https://i.redd.it/9kk6smnm9ee01.jpg,1517836486.0,352,0.99,23,CasualUK,mjenn2
7ve0qm,Been cleaning out a draw and found these.,[deleted],https://i.redd.it/aah1vds5kde01.jpg,1517827918.0,66,0.88,51,CasualUK,[deleted]
7vdpo9,British wit at its finest.,,https://i.redd.it/jgcnae5f6de01.jpg,1517823309.0,1034,0.92,63,CasualUK,timafee
7vdj0x,"Its safe to say based on the Nationwide adverts will actively not join them, whats your worst advert?",For reference its [these](https://storage04.dropshots.com/photos7000/photos/1411846/20180131/154030.jpg) two,https://www.reddit.com/r/CasualUK/comments/7vdj0x/its_safe_to_say_based_on_the_nationwide_adverts/,1517820528.0,164,0.96,237,CasualUK,Jeff-Stelling
7vcbkl,Well that was surreal,"Just out having a tab in the yard at 4.30am before bed. Some fucker walks past the yard and stops at my car. The dicks got my car boot open looking for shit. It doesn't lock as the locks fucked on it so I keep nothing in the car anyway. Didn't try any other cars, went straight for mine. Just chased him two blocks over but given my slipper situation lost him. 

Think I'm gonna have to look into locking the boot from the inside until I get the central locking looked at. 

Fuck knows how he knew to go straight for mine. There's around 15 other cars parked on the street.",https://www.reddit.com/r/CasualUK/comments/7vcbkl/well_that_was_surreal/,1517804999.0,344,0.97,121,CasualUK,ahoneybadger3
7vb41j,Sainsbury's. Confusing or convenient? You decide.,,https://imgur.com/xbEClGD,1517792574.0,397,0.98,43,CasualUK,HerrFerret
7v9v77,Whittle's Arch - Coventry City Centre - Coventry UK [OC] [1600 x 929],,https://www.flickr.com/photos/aruk5/40053380552/sizes/h/,1517780750.0,67,0.97,10,CasualUK,aruk5
7v9n5l,One of my favourite stations on the LU,,https://i.redd.it/662itcj2i9e01.jpg,1517778787.0,402,0.97,44,CasualUK,TheBlindWatchmaker
7v9mw6,Welcome to birmingham !,,https://i.redd.it/wqmjtlpth9e01.jpg,1517778716.0,115,0.96,33,CasualUK,zuby_jalal
7v87tv,Massive flock of Starlings in Dorset,,https://v.redd.it/juq9bmorg8e01,1517766629.0,135,0.99,17,CasualUK,[deleted]
7v82ky,I love Cardiff.,,https://i.redd.it/ysnwpl9zd8e01.jpg,1517765303.0,91,0.89,14,CasualUK,Magic_Loli_Hitler
7v7ufw,I wonder what the commission said when the artist was hired for this picture in a local pub?,,https://imgur.com/d25IhId,1517763317.0,168,0.97,23,CasualUK,BottleGoblin
7v7rly,They are sticking with that name it seems.,,https://i.redd.it/1e9i93pz58e01.jpg,1517762616.0,286,0.98,19,CasualUK,jewbo23
7v7hqs,"Here's the whole of the first ever Daily Mirror newspaper from November 2nd, 1903",,https://imgur.com/a/l8Eo5,1517759972.0,93,0.96,18,CasualUK,mykeuk
7v7gup,Girlfriend set a trap,,https://i.redd.it/z465zv4ex7e01.jpg,1517759729.0,188,0.96,27,CasualUK,baaaaaaaaaaaaaaaaaab
7v7fhs,Wifi or wife.,"Sunday looking at wifi forums. Changed one letter.

Why does my wife suddenly stop working?

My camera lost my wife.

How do I get wife in my shed?

Can I get wife in my house without cable?

How do I stop my neighbour accessing my wife?

Why is my wife only working well after 11?

Between 6 ‚Äì 8 my wife always drops out.

Better wife than previous generation.

Virgin wife is not super at all.

Lost all wife connection for 20 minutes a couple of times a day.

Seems a nice quality product however it won't connect. At first I thought it was virgin. All you have to do is press the two buttons. Alas this didn't work so my brother-in-law, who is an expert, came over but despite 2 hours of trying the two will not speak to each other. 

Have had this wife for nearly 8 months now in converted garage. It works very sporadically and not efficiently enough to do anything properly - have given up on it! 

Thought it would fix wife connection problems but at my age (71) could not resolve connection problems.

Wife stopped working after a couple of months of minimal usage. Is there a way I can get replacement? Worked perfect before it suddenly refused to connect.

I bought this to upgrade my wife after installing a mesh system. 

The wife typically stops working after about 10 minutes, sometimes less, sometimes more. The only way to get wife to work again is to unplug it and plug it in again. When I unplug it I can notice it is quite hot, perhaps that is why it stops working. I don't know but it is unusable and unacceptable.

Wife comes with a complicated program which you need to use to get it to work.

Terrible. It overheats and completely lags out. Don't buy if you expect to use your wife for long periods of time.

Was a very tight squeeze to insert into the port, then when I tried to pull it out the end stayed in the wife and the main bit came away. I then had to use tweezers to get the end out. Very poor quality, obviously not made to strict specifications. 

Really disappointing after choosing because of the large amount of 5*' reviews this wife has. 

When I tried to fit it into my wife it didn't fit and I needed to jiggle it a fair bit to get it to go in. I tried 2 ports to get it in. It didn't seem to do anything, although it was recognised. Then I tried to remove it and it was quite firmly jammed. Heart in mouth I had to manoeuvre it backwards and forwards until it finally started to release but was terrified it would demolish the port. The best part of the purchase was the rapid refund after I posted it back. 

Needlessly complicated to set up and if you don't speak 'nerd' or have much wife experience you'll have no chance to get it to work! 

Struggled to pick up wife in a 2 bedroom flat so I'm really not impressed, however it does work 

Initially, this item appeared to tick all of the boxes. It's at a great price point and was an ideal to get wife access to an upstairs study. The wife is strong, and in line with what I would expect to see from downstairs.

Unfortunately, for online gaming, it causes huge problems as wife will drop you from the server as soon as it happens. It's very frustrating to get dropped from a lobby as soon as you enter because of your wife.

Quite problematic, wife goes off at random times and I have to restore the connection. There is no way to disable the wife's sleep feature. Tech support of this product unable to provide a solution. 

When the wife was moved upstairs to a bedroom, the ping increased and the transfer rate dropped. Tried a couple of different sockets without success.

We purchased it because the wife is weak upstairs and limiting. The house is a new build so I don't think our wiring is the problem. 

I bought this to try and improve the wife in the attic, but it's very slow and is no better than the wife in the bedroom just below. I tried it in various locations around the house, and while it did work in every room, no matter where we were it was the same speed or slower than the wife in every place.
It may be useful in places where there is no wife, but if there is I wouldn't bother with this. 

I can get my wife almost all the way to the garage but still can't get wife in the bedroom which is bizarre. 

The engineer said it was quite usual to not expect the wife in the kitchen because of the microwave.",https://www.reddit.com/r/CasualUK/comments/7v7fhs/wifi_or_wife/,1517759342.0,142,0.96,11,CasualUK,mattress76
7v6j72,How many people from the UK have never been to London?,"I get the feeling I‚Äôm in a bit of a minority here, but I‚Äôve never really felt I‚Äôm missing out on much by not visiting London. I know there‚Äôs a lot to see and do, but I could afford a holiday abroad for the price of a week in London. 

To be fair, I‚Äôd wager that I‚Äôm almost as far as you could get from London while still remaining in England (west Cumbria). ",https://www.reddit.com/r/CasualUK/comments/7v6j72/how_many_people_from_the_uk_have_never_been_to/,1517748302.0,60,0.91,165,CasualUK,Drencat
7v60m1,"A public service film by the RSPCA from the 80s, holy fuck they were not messing around",,https://youtu.be/ytb7X845GMI,1517739492.0,138,0.97,26,CasualUK,WafflHausDildoKiller
7v60hp,"'I paid ¬£1,283 for John Lewis curtains that took two months to arrive'",,http://www.telegraph.co.uk/money/jessica-investigates/paid-1283-john-lewis-curtains-took-two-months-arrive/,1517739430.0,101,0.93,97,CasualUK,quinn_drummer
7v5s62,Room 101 - what three things would you put in the room?,"State your case for three things you'd put into the dreaded Room 101 and rid the UK of forever.

We want proper arguments here, no ""I don't like cheese so in it goes"". The pettier and more ridiculous the argument is, the better in my opinion.

As always **no politics**, but you knew that already.

Edit: alright, alright reporters. I'll go in Room 101 as soon as you make a compelling and convincing case for me to.",https://www.reddit.com/r/CasualUK/comments/7v5s62/room_101_what_three_things_would_you_put_in_the/,1517735205.0,70,0.94,292,CasualUK,jptoc
7v36va,2018 season incoming!,,https://i.imgur.com/RXbwjPP.jpg,1517702641.0,54,0.96,5,CasualUK,spicerldn
7v29lj,Best numberplate I've seen üòÇ,,https://i.redd.it/0eh9ac4sg2e01.jpg,1517693641.0,105,0.87,30,CasualUK,[deleted]
7v25v4,Stupid guy in the orange apron!,,https://i.redd.it/43a1dsyud2e01.jpg,1517692621.0,5778,0.95,53,CasualUK,JxH11
7v1aj0,Depression can happen to anyone.,,https://i.redd.it/92k5scmup1e01.jpg,1517684549.0,285,0.97,35,CasualUK,Captain_Foulenough
7v0vih,CEX is selling fake graphics cards which have been flooding ebay recently.,,https://i.redd.it/09ck990ne1e01.jpg,1517680780.0,289,0.99,82,CasualUK,HumdrumAnt
7v0goi,Things that annoy you about the Reddit community at large.,"We all know that r/CasualUK is the promised land for all UK based Redditors, but we all have to deal with some of the larger subreddits every now and again; what are some things that irk you about the Reddit community?

Personally, I hate it whenever people say ""found the [X Nationality]"". Like, if someone uses the word cunt and someone replies saying ""found the Australian"", or if someone says something about drinking heavily and someone replies with ""found the Scot/Irish"".",https://www.reddit.com/r/CasualUK/comments/7v0goi/things_that_annoy_you_about_the_reddit_community/,1517677011.0,254,0.96,573,CasualUK,SaltireAtheist
7v0fns,Triangles or squares?,,https://i.redd.it/cgyl0sqm21e01.jpg,1517676752.0,111,0.93,31,CasualUK,CallMeCurious
7uznnf,This is our local pub dog. What‚Äôs yours like?,,https://i.redd.it/9u38119ff0e01.jpg,1517668935.0,172,0.95,29,CasualUK,RedBanana99
7uzbxo,This weather is so Britishüá¨üáß,,https://i.redd.it/4lmuosig30e01.jpg,1517664911.0,624,0.98,29,CasualUK,surrealquickie
7uz4kh,"Rate my breakfast (allergic to egg, additional brown sauce not pictured)",,https://i.imgur.com/w193CEl.jpg,1517662045.0,81,0.82,63,CasualUK,Crazy_Hazy
7uyzdi,This is how thin the Phone Book is now,[deleted],https://i.redd.it/x3t1yjnfozd01.jpg,1517659860.0,280,0.97,45,CasualUK,[deleted]
7uytlt,"""Hey boss, i found a great offer on juice bags"" ""we make electronics..."" ""don't worry, we can make this work""",,https://imgur.com/hiifUu8,1517657319.0,571,0.98,47,CasualUK,PretendThisIsAName
7uygr8,Has anyone ever won anything on those competitions that appear on food and drink packets?,[deleted],https://www.reddit.com/r/CasualUK/comments/7uygr8/has_anyone_ever_won_anything_on_those/,1517650973.0,58,0.96,126,CasualUK,[deleted]
7uy6s1,This notice at my local gym has me feeling really unsure,,https://imgur.com/dOHKBdv,1517646050.0,1654,0.96,34,CasualUK,Autisticunt
7uy3t5,Prince William seems to have become a vicar.,,https://i2-prod.mirror.co.uk/incoming/article11958874.ece/ALTERNATES/s615b/The-Duke-And-Duchess-Of-Cambridge-Visit-Sweden-And-Norway-Day-4.jpg,1517644683.0,463,0.96,45,CasualUK,Breeze_in_the_Trees
7uuow8,Anyone else weirdly obsessed with bad UK driving videos?,I came across them on YouTube a couple of months ago. Now I wait for new ones to come out so I can shake my head and tut at the terrible roundabout etiquette and lane discipline. ,https://www.reddit.com/r/CasualUK/comments/7uuow8/anyone_else_weirdly_obsessed_with_bad_uk_driving/,1517606890.0,119,0.98,85,CasualUK,vanilla_tea
7utdyq,I think I might be onto something here...,,https://i.redd.it/mvlqulv1fud01.jpg,1517596284.0,416,0.98,18,CasualUK,PsychotherapeuticRum
7usy32,I am not man enough to challenge the alpha shoppers in the reduced section. Looks like it's full price today.,,https://i.imgur.com/UqPF2eT.png,1517592827.0,190,0.98,53,CasualUK,FastAbsorbing
7urobm,That awkward moment when you both show up wearing ¬£12 trainers from Primark...,,https://i.imgur.com/sx7yMVu.jpg,1517582039.0,106,0.95,32,CasualUK,loudribs
7urivs,After eating in 5 guys I‚Äôm never complaining McDonald‚Äôs is expensive again. This just cost me ¬£13,,https://i.redd.it/fwqqrv7q4td01.jpg,1517580592.0,233,0.95,187,CasualUK,EaterOfClunge
7urfzw,"According to BBC News, 2/3 of adults have no-one to talk to about their problems, so tell us yours?","This might be too non-casual for the ~~nazis~~ mods , but i figured maybe it'd be nice and we can at least try and cheer anyone up who needs it with cat pics or helpful suggestions? ",https://www.reddit.com/r/CasualUK/comments/7urfzw/according_to_bbc_news_23_of_adults_have_noone_to/,1517579812.0,140,0.97,370,CasualUK,NEWSBOT3
7urfvd,I feel so old...,,https://i.imgur.com/Ixav2Cf.jpg,1517579771.0,102,0.96,35,CasualUK,TopTrumpWANKER
7uqwre,Morrisons have launched a Yorkshire pudding pizza.,,https://i.redd.it/j27iyih3ksd01.jpg,1517573752.0,245,0.98,89,CasualUK,mcfcliam
7uqifp,HGV on fire escorted through streets of Liverpool by police and fire brigade,,https://streamable.com/3fh2s,1517568213.0,108,0.97,58,CasualUK,Klopptomaniac
7uqakc,"Try this weeks Pub Quiz! Winning score was 21/24, Answers in comments.",,https://imgur.com/a/SGVSO,1517565073.0,59,0.94,88,CasualUK,Kerigorrical
7up23p,Fuck yeah 5am airport drinking,,https://i.redd.it/lb481kqxfqd01.jpg,1517548076.0,228,0.95,52,CasualUK,rorymcinerney
7un6ym,Sunrise on the way to Scafell Pike,,https://i.redd.it/1zvypklpvod01.jpg,1517529130.0,58,0.98,6,CasualUK,[deleted]
7um6cj,Who remembers this absolute gem on sky games?,[deleted],https://imgur.com/0EGCr9Z,1517520436.0,545,0.98,62,CasualUK,[deleted]
7uksd7,Castleford,,https://i.redd.it/qn0etoea9nd01.jpg,1517509499.0,165,0.99,37,CasualUK,Santero
7ujiey,New York isn‚Äôt how I imagined it to be.,,https://i.redd.it/w0qn2nppemd01.jpg,1517499233.0,180,0.98,19,CasualUK,idlewildgirl
7uj5lu,Battersea Power Station is looking pretty today after all the building work.,,https://imgur.com/WAF06Lv,1517496094.0,92,0.98,32,CasualUK,hojumoju
7uj4y0,How to sell a car,,https://imgur.com/GA4akXU,1517495916.0,237,0.99,48,CasualUK,funkyjim
7uicdm,"Just saw these in Sainsbury‚Äôs. Unsure if it‚Äôs a spelling mistake, or they double up as a feminine product.",,https://i.imgur.com/iZDIhPv.jpg,1517487391.0,139,0.97,9,CasualUK,9DAN2
7uibxi,"Okay British Gas, how do I do that?",,https://i.imgur.com/yMpC1xf.png,1517487224.0,110,0.98,33,CasualUK,Antagony
7ui6ht,What the hell has happened to PoundLand?,"Almost half of the shelves are now populated with items which are 50p, ¬£2, and even ¬£5. 

Also, there was a 99p store opposite a pound land in my area. But since 99p store was bought out by poundland, I now have 2 poundlands withing 10 metres of each other. They both stock the same items. ",https://www.reddit.com/r/CasualUK/comments/7ui6ht/what_the_hell_has_happened_to_poundland/,1517485334.0,107,0.98,73,CasualUK,Dank_Edits
7ui00p,Difference between USA and UK,,https://i.imgur.com/XBPkjo9.gifv,1517482925.0,42409,0.92,2303,CasualUK,EinsteinsAura
7uhooe,BBC | The truth about our shrinking snacks,,http://www.bbc.co.uk/news/uk-42864685,1517478392.0,92,0.96,68,CasualUK,dieyoubastards
7uco6z,STOP THE PRESSES! Slow news day at the local rag.,,https://i.imgur.com/00meIJa.jpg,1517428251.0,122,0.98,18,CasualUK,brightonchris
7uccz7,Spotted this great Peter Sallis graffiti tribute in Hatfield,,https://i.redd.it/jwb9y8gicgd01.jpg,1517425828.0,3657,0.97,71,CasualUK,ZombieRhino
7ucbza,"Rachel Riley just tweeted this, lordy I hope there are tapes.",,https://i.imgur.com/9idhxOA.jpg,1517425631.0,516,0.94,81,CasualUK,albo_underhill
7ubbkg,The road up Scafell Pike,,https://i.redd.it/i6r2ig4uofd01.jpg,1517417857.0,385,0.98,59,CasualUK,[deleted]
7ub98u,I really like Wetherspoons (serious),[deleted],https://www.reddit.com/r/CasualUK/comments/7ub98u/i_really_like_wetherspoons_serious/,1517417341.0,268,0.93,142,CasualUK,[deleted]
7u9lou,Saw someone else‚Äôs shitty review. This was a review left for the bar I work at. Keep in mind it‚Äôs the second place in the city on trip advisor...,,https://i.redd.it/y0urhx6weed01.jpg,1517402404.0,233,0.98,79,CasualUK,AstronautenNigel
7u9i94,Something has not gone *entirely* to plan at the London Bridge construction site,[deleted],https://twitter.com/kayaburgess/status/958644352921849856,1517401244.0,120,0.97,10,CasualUK,[deleted]
7u92de,What are some unwritten rules in your office?,"We have an upstairs and a downstairs in my office and it's basically an unwritten rule that downstairs makes the tea &amp; coffee at 10am for everyone, and upstairs makes them at 3pm",https://www.reddit.com/r/CasualUK/comments/7u92de/what_are_some_unwritten_rules_in_your_office/,1517395471.0,77,0.95,165,CasualUK,packt_like_sardines
7u8ifv,"Top shelf satnav here, been sat still for 20 minutes",,https://i.redd.it/fgzh9aqa6dd01.jpg,1517387407.0,112,0.95,69,CasualUK,culturerush
7u8h3b,The Moon in yet another attention seeking stunt,,http://www.bbc.co.uk/news/science-environment-42817785,1517386847.0,60,0.97,11,CasualUK,MyPetHamster
7u5ava,Co-op confused me into buying it,,http://imgur.com/zW0MhuP,1517354507.0,98,0.98,33,CasualUK,Nasha199
7u47o9,"""The one that makes your balls tingle""",,https://i.redd.it/uh3nqj5wp9d01.jpg,1517345575.0,157,0.94,60,CasualUK,chriswils
7u3xpg,"Complaint about a small local pub, which brews their own beers..",,https://i.redd.it/lrf2x01bj9d01.png,1517343353.0,8048,0.97,478,CasualUK,bonster85
7u39b9,Customer satisfaction (zoom in),,https://i.redd.it/9ekb3zem39d01.jpg,1517338082.0,111,0.99,17,CasualUK,JerkyOnassis
7u1odz,Decision time,,http://imgur.com/Ol5J6cy,1517325406.0,93,0.93,24,CasualUK,goldfishpaws
7u0zua,Whatever you do,,https://i.redd.it/2yvo6ezvi7d01.jpg,1517319008.0,269,0.97,34,CasualUK,MellotronSymphony
7u0lcs,Wonder why this rapper was never famous over here?,,https://en.m.wikipedia.org/wiki/The_Nonce,1517314365.0,152,0.98,42,CasualUK,goldfishpaws
7u0bop,Bridgewater Canal looking acceptable this morning in Trafford,,https://i.redd.it/18qcafsmu6d01.jpg,1517310870.0,68,0.94,12,CasualUK,idlewildgirl
7u07wx,The Great British Toastie Survey results are in!,,https://imgur.com/a/dhTaz,1517309437.0,127,0.97,75,CasualUK,mfizzled
7tzzs6,"Americans are thinking they're hip by eating Tide pods, but I feel that we're trendsetters in this regard.",,https://i.imgur.com/AMZHyQA.jpg,1517306255.0,1957,0.93,62,CasualUK,blackmist
7tw0fl,Such a handy bed! Get this bought ASAP!,,https://i.redd.it/qazz90f9y2d01.jpg,1517263639.0,597,0.98,113,CasualUK,megatoll
7tvrmk,"I was just clearing out the spare room when I found an original copy of the first ever Daily Mirror from November 2nd, 1903. Which was nice.",,https://imgur.com/7681sPf,1517261640.0,150,0.99,27,CasualUK,mykeuk
7tvjw8,Polite request from your accountant,"For the love of god, people, stop leaving your tax returns ‚Äòtill January!

I just pulled a 14 hour shift and will be doing the same tomorrow &amp; Wednesday and it‚Äôs been about 3 weeks since my last day off. 

So I‚Äôm eating 20 chicken nuggets. ",https://www.reddit.com/r/CasualUK/comments/7tvjw8/polite_request_from_your_accountant/,1517259963.0,95,0.96,54,CasualUK,[deleted]
7ttjgp,Taking non-alcoholic beer to a whole new level!,,https://i.redd.it/c4za93rxb1d01.jpg,1517244028.0,168,0.97,27,CasualUK,AS393
7tth0s,I love how Mitchell and Webb sketches still stand relevant to this day,[deleted],https://www.youtube.com/watch?v=MusyO7J2inM,1517243472.0,462,0.97,78,CasualUK,[deleted]
7ttcdy,I just got back from meeting with a wedding caterer and it was like I was Gordon Ramsey on an episode of Kitchen Nightmares.,"My wedding is in 40 days and we still don't have a cake or caterer. We have everything else. No big deal.

I Googled last week for best caterers in my area of the South of England. This catering company popped up with a lot of 4.5/5 reviews. My Fiance is on a business trip up North so me and my MIL went to meet this catering guy.

He does have his own catering site, but on weekdays he works at a construction site near a military base serving food. He charges 4.50 for beans on toast there. Literally two slices of toast with beans.

We told him what we wanted and somehow during the conversation of desserts he mentioned that the mini cake slices come individually wrapped. Sounded like some cheap thing you get at a petrol station. He also argued his food was homemade, but didn't shy away from the fact that his food was just Iceland stuff put together. 

If it's from fucking Iceland then it's not homemade, mate. 

I swear he just bought his reviews to make himself/business look good. 

Oh, and also he has an on-site cooking place, but wants to meet everyone inside our own house to sample the food because we can't go to his for some reason. Did I mention he wrote notes down on an old piece of food wrapper?

Where is Gordon Ramsey when you need him? I swear I was on an episode of Kitchen Nightmares.

I'm going to go to Iceland now and buy frozen sausage rolls and lasagna and start calling myself a proper chef and caterer. I'd make a shit ton. I mean this guy charges a grand for 40 people.
",https://www.reddit.com/r/CasualUK/comments/7ttcdy/i_just_got_back_from_meeting_with_a_wedding/,1517242419.0,94,0.97,68,CasualUK,[deleted]
7tt3zn,Things I do not care for: Unsalted butter,,https://i.redd.it/oqqipikf11d01.jpg,1517240488.0,197,0.95,67,CasualUK,GreyandDribbly
7tsr3e,This is getting out of hand,,https://imgur.com/a/GJvsj,1517237267.0,135,0.95,21,CasualUK,Jebsticles
7tsqdm,Hull Trains marketing department knocked it out the park with this one.,,https://i.imgur.com/v8lQ1EX.jpg,1517237079.0,252,0.97,33,CasualUK,Anguss
7ts0m6,Ah the innocence - (Met a very sweet lady on the job today),"I was booked in to clean a car, and when I got there the lady tells me it's her sons car, he's been away with the Army and she thought it would be a nice surprise for him. 
but - she warned

He had been lighting incense in the car, and burnt the seat AND his cat may have ""had a water accident"" in there leaving a smell. 

This guy must have been hotboxing that car every night of the week. It doesn't smell like a sea of ganja anymore, and I explained it might have smelled like that from being a little damp while it sat. 

Her son owes me one, but to be fair she loaded me with biscuits and tea so I don't even care. 

Edit : I had to go home and get changed and showered after because I met my mate for a brew and she asked if I was sharing some. ",https://www.reddit.com/r/CasualUK/comments/7ts0m6/ah_the_innocence_met_a_very_sweet_lady_on_the_job/,1517229537.0,195,0.95,40,CasualUK,[deleted]
7trvee,"I‚Äôve hit the jackpot here, friends.",,https://i.redd.it/4btp6sznzzc01.jpg,1517227788.0,1431,0.95,137,CasualUK,Fatally_Flawed
7trv1s,I was just asked for I.D in poundland for PVA glue. Am I missing something?,,https://www.reddit.com/r/CasualUK/comments/7trv1s/i_was_just_asked_for_id_in_poundland_for_pva_glue/,1517227676.0,79,0.93,113,CasualUK,kuro-oruk
7tqqd7,...,,https://i.redd.it/l3suizp7myc01.jpg,1517211155.0,1636,0.96,99,CasualUK,conkywonker
7tnn0j,The irony is strong with this one,,https://i.redd.it/j9emdn8owvc01.jpg,1517178351.0,238,0.98,12,CasualUK,The_Real_JT
7tn107,My Dad posted this on Facebook and I can‚Äôt stop laughing for some reason.,,https://i.redd.it/nc2ock1fgvc01.jpg,1517172886.0,433,0.97,17,CasualUK,scottwooo
7tkt1g,"Visited Casualty yesterday evening, Casualty was on the telly.",,https://i.redd.it/k8mwlr1ettc01.jpg,1517153057.0,222,0.97,69,CasualUK,eagletwouk
7tkpmr,Nice to see Pattens branching out from furniture sales,,https://i.redd.it/nvtaduxeqtc01.jpg,1517152035.0,110,0.97,3,CasualUK,LoafJohnson
7tkh5a,Bloke at Nando‚Äôs probably thinks he‚Äôs a genius for the sticker usage.,,https://i.redd.it/r577p5r4itc01.jpg,1517149250.0,305,0.96,21,CasualUK,DanHawkins
7tkbmc,As promised. Clean van for sausage rolls.,[deleted],https://i.redd.it/desrbj1fctc01.jpg,1517147366.0,133,0.94,42,CasualUK,[deleted]
7tkaro,Anti Car Theft device spotted in ASDA car park yesterday.,,https://i.imgur.com/P90RAPE.jpg,1517147024.0,144,0.96,31,CasualUK,HPB
7tk8ao,"Ancient woodland, Peak District, England",,https://i.redd.it/g9jqbu0zerc01.jpg,1517146115.0,216,0.97,24,CasualUK,[deleted]
7tk7pq,Productive Sunday so Far...,,https://i.redd.it/0rid2fl28tc01.jpg,1517145895.0,196,0.99,22,CasualUK,butter_boi
7tk45v,This is honestly the best sub,"I've only posted for about two days and visited it once or twice before, but there's a lovely atmosphere here and even the most aggressive or confrontational of piss taking and ribbing isn't met with angry people, even when they're the ones being targeted by said piss taking. This helps me because I'm way too quick to enrage on tinernet

Well in.",https://www.reddit.com/r/CasualUK/comments/7tk45v/this_is_honestly_the_best_sub/,1517144510.0,149,0.92,133,CasualUK,RodgersGates
7tjz0b,When you check the price of something you can't afford,[deleted],https://imgur.com/a/UdxBv,1517142228.0,244,0.97,5,CasualUK,[deleted]
7tjs7n,You park like a dick,[deleted],https://i.imgur.com/tc8xIPE.jpg,1517139176.0,97,0.9,70,CasualUK,[deleted]
7tjlg9,New sign on the war of the dog poop leavers.,,https://i.redd.it/skawbjcaesc01.jpg,1517135913.0,2256,0.97,121,CasualUK,GhostMonkeyInSpace
7tjay4,The 8th deadly sin: clotted cream and jam on toast. better than scones don‚Äôt @ me,,https://i.redd.it/8js3f8r4zrc01.jpg,1517130754.0,71,0.84,21,CasualUK,jll986
7tfwvs,Make your truly British confessions,[deleted],https://www.reddit.com/r/CasualUK/comments/7tfwvs/make_your_truly_british_confessions/,1517090239.0,74,0.96,352,CasualUK,[deleted]
7teuu6,This toaster with a dedicated crumpet setting,,https://i.redd.it/ackddnyvtnc01.jpg,1517080563.0,109,0.95,21,CasualUK,hannah_chill
7tekre,Most hated item in the UK (and probably worldwide). Fuck gripper rods.,,https://i.redd.it/yvu0p3xhmnc01.jpg,1517078077.0,261,0.97,37,CasualUK,electricrailway
7tdmhd,I don't know why Joy Division hired a guy that couldn't even draw a straight line but it's fixed now.,,https://i.imgur.com/EePCMVj.jpg,1517070133.0,114,0.95,15,CasualUK,albo_underhill
7tcpaj,Keeping the British icons alive. Particularly the phone booth on the left...,,https://i.redd.it/zprucce84mc01.jpg,1517059826.0,105,0.94,13,CasualUK,straphanger82
7tcgng,"There is a pub outside my gym, this is their sign.",,https://imgur.com/gallery/I0rog,1517056378.0,162,0.97,20,CasualUK,DrShadyBusiness
7tcbb3,Spanish housemate said he made crumpets,,https://imgur.com/KR3PZol,1517054090.0,196,0.97,54,CasualUK,TARS-CASE
7tc35w,"I read the Real Ale thread and decided to have a look on the CAMRA website. Dear Internet users, please learn to fucking spell.",,https://i.redd.it/sz5vivn0clc01.png,1517050430.0,128,0.94,18,CasualUK,HPB
7tbx9g,Went to Leeds with the wife last night and did one of those escape room things people keep raving about. Made it out in only 3 hours 11 minutes.,,https://i.redd.it/pwx74inc4lc01.jpg,1517047794.0,16848,0.97,216,CasualUK,c0253484
7tbto1,Which Richard Ayoade are YOU?,,https://i.imgur.com/ujotr0B.jpg,1517046131.0,17046,0.87,340,CasualUK,Hassaan18
7tbh9y,Viz comic - The Real Ale Twats,,https://i.imgur.com/SD1qfng.jpg,1517040459.0,237,0.95,72,CasualUK,124876720
7tbbym,Ohh Matron!,[deleted],https://i.redd.it/v0vaohfwwec01.jpg,1517037987.0,175,0.97,12,CasualUK,[deleted]
7t8r61,"My Asian taxi driver just shouted ""Allah Christ"" at another driver.",,https://www.reddit.com/r/CasualUK/comments/7t8r61/my_asian_taxi_driver_just_shouted_allah_christ_at/,1517010406.0,168,0.97,30,CasualUK,fastmuffin
7t7wst,"Um, cheers Jody.",,https://imgur.com/8od8ACs,1517002799.0,70,0.95,25,CasualUK,JohnnyNobody66
7t7oun,Free Pizza?,"Edit:  Annnnnd I'm pizza'd out. If you're in a good place, had a couple of beers and just got paid, I encourage you to also extend the offer. Buy a stranger a pizza. Make the world a better place. 

It's Friday, I'm drinking mulled wine through a curly straw, I'm watching old episodes of Charlie Brooker stuff on the youtubes. 

Pizza Hut currently have a 50% discount, I was ordering one and realised I'm not actually hungry I'm just being gluttonous. So, if someone would like a pizza let me know, as long as Pizza Hut are delivering to your area I'm happy to order one person the pizza I would have ordered myself :) 

Preferably, this would someone who's had a bit of a shit week/a bit skint/isn't in the best place but cock it, I'm not your mum and I can't check and I'm not gonna ask, I just ask that you're a bit sensible don't take it if you don't need it. 

So... if you'd like a pizza please PM me. ",https://www.reddit.com/r/CasualUK/comments/7t7oun/free_pizza/,1517000895.0,89,0.95,20,CasualUK,[deleted]
7t5qh2,Hay-mojis,,https://i.redd.it/0d9qwct9xfc01.jpg,1516984844.0,128,0.98,11,CasualUK,punchypariah
7t4qfj,29th August 2019,[deleted],https://www.reddit.com/r/CasualUK/comments/7t4qfj/29th_august_2019/,1516975906.0,177,0.98,73,CasualUK,[deleted]
7t4nuf,"Flytipping the No Flytipping sign, stay classy UK",,https://i.redd.it/nv7rluzi4fc01.jpg,1516975203.0,78,0.92,8,CasualUK,Hazard262
7t4np1,Jamie Oliver must play word association games when naming his kids,,https://i.redd.it/tlu9kvqb4fc01.jpg,1516975154.0,279,0.98,166,CasualUK,BrunoPassMan
7t4d5t,"You Either Die A Hero, Or You Live Long Enough To See Yourself Become The Villain",,https://i.redd.it/du9xrjcpuec01.png,1516971914.0,160,0.98,15,CasualUK,Shumaa1
7t4543,"My wife bought a rather large pull cord for the bathroom light. Now every time I open the door, this giant piece of weaponry bangs off the door then swings at me.",,https://i.imgur.com/CIMeZU6.gifv,1516969058.0,169,0.96,47,CasualUK,9DAN2
7t3ofq,Bananaman: The gritty reboot,,https://i.redd.it/lki5i24zx8c01.jpg,1516962127.0,170,0.94,10,CasualUK,Smuckles
7t3niv,Not a Craig David fan,,https://v.redd.it/qqfvnvgeydc01,1516961716.0,73,0.97,12,CasualUK,mackem-runner
7t3hot,"Godspeed, Barry.",,https://i.redd.it/3durzw3usdc01.jpg,1516959139.0,100,0.97,9,CasualUK,AGeary
7t3gbv,He's got a point,,https://i.imgur.com/ct7WEuO.jpg,1516958513.0,5192,0.93,267,CasualUK,jackthegashead
7t3bdl,Savage,[deleted],https://i.redd.it/rvgtppv5kdc01.jpg,1516956227.0,155,0.93,39,CasualUK,[deleted]
7t31lk,PSA: Good Omens by Terry Pratchett and Neil Gaiman is on Iplayer radio at the moment!,"Really nice adaptation staring Peter Serafinowicz, Mark Heap and Jose Long. Really worth a listen!

Edit: apparently now only from episode 3 üò¨",https://www.reddit.com/r/CasualUK/comments/7t31lk/psa_good_omens_by_terry_pratchett_and_neil_gaiman/,1516951835.0,57,0.95,15,CasualUK,Biozo
7t2v4f,"I fell for the trap, and they still tasted the same.",,https://i.redd.it/kpnuj8m7zcc01.jpg,1516949177.0,55,0.86,78,CasualUK,gavingiant
7t0kbb,"Finally, The Range is selling something I can get behind.",,https://i.imgur.com/QLBztvf.jpg,1516924631.0,162,0.99,16,CasualUK,Mycoe
7szgaa,This old sign in my local pub.,,https://i.redd.it/ge6cm6y26ac01.jpg,1516915175.0,231,0.98,18,CasualUK,undeadfunbags
7sz2it,Graham Norton's reaction to getting a special recognition award he didn't know he was getting,[deleted],https://www.youtube.com/watch?v=koC7znjUn1c,1516912138.0,68,0.95,14,CasualUK,[deleted]
7sys8t,Enjoying a nice Tiger..,"So my grandma has recently had an operation. Because of this shes lost the use of one arm while it recovers. 

She's been given a carer by the nhs  to help her wash, a very nice polish man.

 One day he came round and said ""did you have a nice Tiger today Edith?"" naturally she was quite confused.

 It turns out he'd heard people talking about having a 'lie in' in the morning and heard it as 'lion'. He then got the words mixed up and thought to 'have a tiger' was to have a lie in :D",https://www.reddit.com/r/CasualUK/comments/7sys8t/enjoying_a_nice_tiger/,1516909868.0,623,0.99,48,CasualUK,candidate26
7sxrz2,I'll av fish n a rice cake,,https://youtu.be/upRy3RZ3e5I,1516901988.0,103,0.95,28,CasualUK,[deleted]
7swlj1,"Delivery from a supplier never turned up at work. Kept saying it'd been signed for outside of work hours, until this revelation was made.",,https://i.imgur.com/io06yco.png,1516892371.0,165,0.99,10,CasualUK,[deleted]
7swcw8,Amazon taunts the whole of the UK the day before payday,[deleted],https://i.redd.it/76db7vji38c01.jpg,1516890089.0,74,0.95,87,CasualUK,[deleted]
7sw0d6,Currently eating risotto with an expired bus pass because I forgot my fork. How's your day going?,My next best option was taping some cable ties together into a scoop.,https://www.reddit.com/r/CasualUK/comments/7sw0d6/currently_eating_risotto_with_an_expired_bus_pass/,1516886483.0,101,0.95,48,CasualUK,fenney
7svvks,Scotland has gone to far,,https://i.imgur.com/MGcSEzk.jpg,1516884963.0,113,0.97,17,CasualUK,WufflyTime
7svqt6,A nightmare on the Tube,"And an unlikely hero, who puts others first:

https://twitter.com/jamiesusskind/status/956458545771352065

Caution: may cause office LOLs ",https://www.reddit.com/r/CasualUK/comments/7svqt6/a_nightmare_on_the_tube/,1516883291.0,112,0.98,12,CasualUK,Mossley
7svhvi,The swan near my place is actually pretty chill and polite,,https://i.redd.it/yhayvlsl97c01.jpg,1516880030.0,143,0.98,19,CasualUK,SN74HC04
7svhmo,People in my town are actually trying to eat detergent pods.,"It's spread to my little suburb in York. Walking to the barbers down a snicket and there's three of these plastic bags of detergent bitten open spilt on the floor.

I honestly thought it was just blown up online and not a real thing.

The kids around here aren't that smart - I heard them shouting Man's Not Hot only last week when the schools got out, but I really thought better.",https://www.reddit.com/r/CasualUK/comments/7svhmo/people_in_my_town_are_actually_trying_to_eat/,1516879936.0,77,0.97,43,CasualUK,CptPanda29
7svgzj,"My American friend sends me over boxes of sweets every now and again. I can forgive other indiscretions, but this, this is wrong.",,https://imgur.com/46lJVK1,1516879686.0,98,0.98,37,CasualUK,intheabsenceoftruth
7sv1uj,The lengths Brits will go to for free biscuits,,https://imgur.com/8vQqwjN,1516873611.0,4906,0.91,435,CasualUK,ukbabz
7sux2c,"Tenner off orders over ¬£50 on Amazon, no third party, today only.",,https://www.amazon.co.uk/b?node=7143867031,1516871597.0,78,0.93,40,CasualUK,Niamh1971
7sqyd6,So how many of you CasualUKers work in IT?,"Software developers, system administrators, consultants, Helpdesk support etc...

I'm a 3rd Line Systems Engineer... I have a funny feeling quite a few of you lot work in IT!",https://www.reddit.com/r/CasualUK/comments/7sqyd6/so_how_many_of_you_casualukers_work_in_it/,1516832401.0,72,0.97,166,CasualUK,Autisticunt
7sq4x2,Looks like our covert train ticket distribution system has been rumbled. This was Euston Station at lunchtime today.,,https://i.redd.it/vq6lbtkms2c01.jpg,1516826033.0,444,0.98,42,CasualUK,Pancake-Marathon
7spi0m,It rained a bit today,,https://i.imgur.com/Yi5ufK4.jpg,1516821000.0,139,0.97,25,CasualUK,Dank_Edits
7sokhe,Snow Day!,[deleted],https://i.imgur.com/a4YZcFT.png?1,1516813829.0,245,0.99,29,CasualUK,[deleted]
7snwn1,"This dog cake from Waitrose looks like it was made out of dog shit, by a dog.",,https://i.redd.it/pq0xg3soc1c01.png,1516808460.0,332,0.95,28,CasualUK,kezzaNZ
7snmfe,This took 6 months to create?,,https://i.redd.it/in8kc2xf51c01.jpg,1516806009.0,124,0.95,67,CasualUK,RangerLIS
7sncov,At my local Indian,,https://i.redd.it/qepsc0uvx0c01.jpg,1516803447.0,293,0.97,20,CasualUK,TheGeckoGeek
7sn08t,Thinking of taking this on dragons den.,,https://i.imgur.com/HjZaSgl.jpg,1516799891.0,95,0.92,58,CasualUK,HarryGoLocky
7slql2,Kenneth Williams presenting Tomorrows World,,https://youtu.be/SkL35M9sQIY,1516782770.0,102,0.97,11,CasualUK,JollyMatlot
7slkv1,Bloody hell,Bit windy today isn‚Äôt it ,https://www.reddit.com/r/CasualUK/comments/7slkv1/bloody_hell/,1516780424.0,3594,0.94,281,CasualUK,[deleted]
7sj0dz,113 people thought a cloud was sold at Greggs,,https://i.redd.it/jt5uir2spwb01.jpg,1516752292.0,195,0.97,37,CasualUK,Doomsday2507
7siios,There's a mouse under my bed,"What the fuck do I do ?!?!?! I'm so scared. I'm trying to get to sleep and I have to be up early tomorrow too as I have a driving lesson. 

There's a lot of shit under my bed like plastic bottles and paper and stuff so every once in a while i hear a shuffle crack type of sound when I lie really still. 

I know it's a mouse cos my sister saw one upstairs and then it got lost and I've been hearing it since I've come up. I definitely know it's the fucking mouse. 

I'm so tense I can't even sleep. Fml. I'm going to fucking cry. 

Edit: it's 12.30am and my pillow is all snotty and wet as I've basically been crying for the last 20 minutes. Getting so mentally wound up. I can still hear it scuttling about. But I'm calm... I've had a good chuckle at some of the posts (glad you're amusing yourselves), think he needs a name and a cup of tea since it looks like he's staying. ",https://www.reddit.com/r/CasualUK/comments/7siios/theres_a_mouse_under_my_bed/,1516748024.0,82,0.94,100,CasualUK,chocolate_9_T
7sibs3,Hospital Bed Blues,[deleted],https://www.reddit.com/r/CasualUK/comments/7sibs3/hospital_bed_blues/,1516746409.0,146,0.99,66,CasualUK,[deleted]
7shm74,Free suit dry clean for anyone unemployed going to an interview @ Timpsons,,https://www.reddit.com/r/HumansBeingBros/comments/7sgwyb/free_suit_dry_clean_for_anyone_unemployed_going/,1516740710.0,115,0.95,18,CasualUK,[deleted]
7shd44,"What the hell is this, Lynx?",,https://imgur.com/pABbK4v,1516738754.0,91,0.98,17,CasualUK,ThatWebDeveloperDude
7sgoho,"The latin choral music at the start of Mr. Bean translate to ""Behold the man who is a bean"".",,https://www.youtube.com/watch?v=pzGimN2H2oQ,1516733561.0,84,0.99,9,CasualUK,mcroft
7sg5ul,"The ""North London Skydiving Centre"" doesn't inspire a great deal of confidence in their navigation skills.",[deleted],https://i.redd.it/q0rb8treotb01.png,1516729575.0,123,0.96,46,CasualUK,[deleted]
7sd7v9,A sign outside of a local pub. Need to get those early morning drinkers in,,https://i.redd.it/f32kvhhlasb01.jpg,1516698760.0,3553,0.95,231,CasualUK,Lowet12
7scucv,The most Geordie man ever,,https://twitter.com/seanrobson93/status/955534359691517952,1516693083.0,73,0.97,21,CasualUK,Woodstovia
7s8jkr,[x-post from /r/MapPorn] A Dozen Ways To Divide The United Kingdom,[deleted],https://i.redd.it/9k48p6j4eob01.png,1516651589.0,55,0.81,24,CasualUK,[deleted]
7s8b0r,OXLADE DOES NOT COMPUTE YOUR JOKE PAXSMAN,,https://i.redd.it/fdoti8mw8ob01.jpg,1516649765.0,82,0.93,30,CasualUK,jimih4223
7s82xi,Does anyone else get bloody creeped out when stuck behind a Megabus on the motorway?,,https://i.redd.it/05ndegazznb01.jpg,1516647974.0,662,0.98,41,CasualUK,LotharHex
7s7g13,Chuckle brothers on a night out,,https://i.imgur.com/0CqWMYM.jpg,1516643008.0,364,0.96,56,CasualUK,FashGoHome
7s76h2,"To the person who stole my birthday present, Thank You!","So my gran called me a few days after my birthday to ask me why I didn't call her on my birthday to say thank you for my parcel. I didn't get a parcel,I explained, much to her disappointment. I called up my aunty to get the tracking number and after a few minutes on hold the lady at the courier company was able to read me a near perfect description of my designated safe place so I know the courier had definitely been there delivering the parcel. We looked all over the garden, just in case the parcel had grown legs and crawled away but eventually had to accept that it'd probably been pinched. Same thing happened a few months ago with another parcel but that one was literally full of little rocks for the aquarium. We had a good laugh at the idea of this thief carrying home a 10kg parcel only to open it and find about ¬£8 of gravel but we weren't so pleased by the idea of someone enjoying my birthday present. 

After satisfying myself the parcel was not submerged in the pond or buried in the rockery I called my aunty back and explained what happened. I asked her to tell me what was inside so I could pretend and thank my gran. She told me it contained;
a) a nice card 
b) some low fat low sugar biscuits that were on sale
c) some pictures of my dead father.

I said in a half joking way thanks for reminding me that my father is dead. She replied ""they are not pictures of your father who died they are pictures of your dead father, in the hospital, after they switched him off!"". 

So, to you, dear neighborhood vagabond, I hope you enjoy the pictures of what I can only imagine is my father's mutilated corpse shortly after he died from wounds sustained in a terrible car crash in 1989. I also hope those nasty old lady biscuits my nan thinks I like because I'm fat and should want to loose weight keep you company while you enjoy the nice card. ",https://www.reddit.com/r/CasualUK/comments/7s76h2/to_the_person_who_stole_my_birthday_present_thank/,1516640858.0,669,0.98,49,CasualUK,Uk840
7s5y4v,First day of work horror stories?,"First day of work in a hospital today. Blacked out and threw up before lunch time. My new colleagues carted me off to A and E (cause I also had chest pains) in a wheelchair. At least I got ill in the right place

Great first impressions! Anyone have a story to share?",https://www.reddit.com/r/CasualUK/comments/7s5y4v/first_day_of_work_horror_stories/,1516630008.0,86,0.99,122,CasualUK,Feedlpls
7s5jz8,Sub updates.,"Hello! We have seen some rumblings in the sub about the direction in which we're heading towards as we gain size and popularity. Namely that the content is getting watered down. As mods we generally remove comments that break our 'no politics' and 'no shit throwing' rules but leave posts alone so long as they don't break these. 
 
As a result of what we consider to be low touch moderating, we end up with a lot of posts that would be better suited to /r/BritishProblems, namely ""there are easter eggs in January!"" or ""I'm scared of public interaction"", ""this shop messed up the price of a thing"" and so on. 
 
Going forward we have decided that we will begin removing the more low effort posts and redirecting the traffic towards /r/BritishProblems, /r/AskUK, /r/UnitedKingdom and so on. We are going to work on updating the rules but for the time being we ask that you trust our judgement and we will always inform the OP as to why we are removing their post. 
 
We want to encourage more OC, whether it's a good anecdote, a unique picture, an interesting questions, a weird news story etc. and as always we're open to new daily thread suggestions that we can sticky for the day. 
 
I hope that the majority are in agreement but please do let us know your thoughts on this.",https://www.reddit.com/r/CasualUK/comments/7s5jz8/sub_updates/,1516625682.0,261,0.99,142,CasualUK,[deleted]
7s5i06,In what petty/crap way do you 'fight the system?',"We received our 'renew your TV licence' letter in the post today, telling us we have to renew by the end of the month. Fair enough - I don't mind paying for the licence because we make enough use of the BBC's output to justify it. 

But it'll only get paid a few weeks after the first letter as I enjoy the increasingly shrill and threatening letters that follow. We had a crap experience with a TV licence knobhead who came to the door and shouted at us despite us having a licence many moons ago and this is my way of 'paying it back'.

I know it's petty, but damn it, I'll make them waste an envelope or two. 

What's your shitty way of 'fighting the system' then?",https://www.reddit.com/r/CasualUK/comments/7s5i06/in_what_pettycrap_way_do_you_fight_the_system/,1516625017.0,117,0.97,185,CasualUK,ahrimaniac
7s50sv,Does anyone remember this tesco sticker collection coming up to the millenium?.,,https://i.ebayimg.com/00/s/NjIwWDEwMjQ=/z/wOQAAOSwovNaJCqQ/$_86.JPG,1516618631.0,73,0.99,14,CasualUK,[deleted]
7s4joq,London prices are getting ridiculous,,https://imgur.com/NOylHOz,1516611536.0,272,0.96,37,CasualUK,kanye_fuck
7s4fg7,..and Yorkshire Pie.,,https://www.reddit.com/r/food/comments/7s42io/homemade_rib_roast_and_yorkshire_pie/,1516609638.0,112,0.95,80,CasualUK,8eeblebrox
7s4a7z,How does this even get asked?,,https://imgur.com/QThhQml,1516607408.0,2385,0.94,163,CasualUK,SquireBev
7s46qp,When it starts to rain at my local train station.,,https://imgur.com/fw3R7OU,1516605934.0,118,0.98,13,CasualUK,suexo
7rys1k,Looks safe,,https://i.imgur.com/WYRGnoV.jpg,1516553527.0,182,0.99,18,CasualUK,Doe_Ray_EGON
7rypzp,I think the universe is telling me to get a new car.,[deleted],https://i.redd.it/k5y79kz19gb01.jpg,1516553000.0,85,0.99,7,CasualUK,[deleted]
7ryc3u,Nailed it,,https://i.redd.it/aj5ksbrvxfb01.jpg,1516549201.0,381,0.99,23,CasualUK,Adcro
7ry6ua,My friend spotted the Queen after work yesterday,,https://i.imgur.com/MphdWG6.jpg,1516547629.0,203,0.97,15,CasualUK,CharredChicken
7ry3zs,A+ toilet graffiti,,https://i.redd.it/cdkitlmoqfb01.jpg,1516546802.0,87,0.98,8,CasualUK,Entstronaut
7ry21s,"A few nice pictures I took of my hometown, Bridlington!",[deleted],https://imgur.com/a/PrW2T,1516546159.0,94,0.96,18,CasualUK,[deleted]
7rxsmc,Has science gone too far? Or not far enough?,,https://i.redd.it/4ilygfqcffb01.jpg,1516542971.0,83,0.96,14,CasualUK,biggles1994
7rxm1k,Dunno why I like things like this,,https://i.imgur.com/ByrJ1tP.jpg,1516540405.0,153,0.96,27,CasualUK,basicchannels
7rxak8,Who's going to be the lucky girl this year?!,,https://i.redd.it/zcprfjyoseb01.jpg,1516535348.0,180,0.96,30,CasualUK,GreyandDribbly
7rx5qv,"The time on ""Catchphrase"" when Jimmy Carr practically gave away the answer, but Faye Ripley and Ellie Simmonds still got it wrong.",,https://streamable.com/kmlp7,1516532942.0,2821,0.94,330,CasualUK,Hassaan18
7rwypa,I just want to say... The NHS at-home STD tests are a bloody brilliant idea!,"An odd thing to share, I grant you, but the ease of it as well as the accessibility (not waiting for an appointment, going out to visit the clinic, not having an 80 year old nurse ask you enjoy back-door fun etc) of sorting an at-home STD test was fantastic! There's still a lot of STDs out there, and some will fuck you up properly if you don't get treated, so it's worth just getting it done and out the way. Even if you've not done the horizontal line dance for a bit, there's still a chance you could have not shown symptoms for a while, so it's worth it just for the peace of mind.

I'll let you go back to your Sunday morning now, but I thought I'd just let people know this was a thing.",https://www.reddit.com/r/CasualUK/comments/7rwypa/i_just_want_to_say_the_nhs_athome_std_tests_are_a/,1516529380.0,211,0.96,64,CasualUK,pathtoFI
7rssux,When's the next bus?,,https://i.imgur.com/hgiLKxj.jpg,1516479437.0,78,0.97,17,CasualUK,jackprop
7rss1m,Chicago West,,https://i.redd.it/0xjm42zr5ab01.jpg,1516479215.0,354,0.99,10,CasualUK,[deleted]
7rsqsn,"Mods are all drunk in the pub, time to shitpost!",https://m.imgur.com/gallery/D6q3UMU ,https://www.reddit.com/r/CasualUK/comments/7rsqsn/mods_are_all_drunk_in_the_pub_time_to_shitpost/,1516478893.0,72,0.95,48,CasualUK,NEWSBOT3
7rspra,Lincolnshire not scoring any points for creative village naming,,https://i.redd.it/v1rduz4u3ab01.png,1516478622.0,346,0.99,33,CasualUK,InappropriateSurname
7rrvu6,Crunchie STD for only 69p!! (The adolescent boy in me couldn‚Äôt resist this one),,https://i.redd.it/7ktl57yxg9b01.jpg,1516470865.0,96,0.96,15,CasualUK,rabbs7
7rrfr0,Beware non-genuine coconuts,[deleted],https://i.redd.it/1m56wtdd49b01.jpg,1516466643.0,65,0.99,21,CasualUK,[deleted]
7rqc5r,Breaking news: BBC News presenter on air with gargantuan bogey dangling from his nose,,https://i.imgur.com/vzxEZEF.png,1516454412.0,111,0.92,14,CasualUK,comrademikey
7rq71g,3am and stopped to help a lass on a slip road off A1 change her tyre... pissing it down then the police arrive after I finished swapping for a spare... police breathalyser me and she pissed off without saying thank you. Worst thing was she kept my coat... FML I loved that coat,,https://www.reddit.com/r/CasualUK/comments/7rq71g/3am_and_stopped_to_help_a_lass_on_a_slip_road_off/,1516452427.0,207,0.98,62,CasualUK,TheSquireOfTheShire
7rpuoq,It's Penguin awareness day folks. If you happen upon any Penguins today (or any other day for that matter) here's a handy guide for being aware of them..,,https://pbs.twimg.com/media/DT7xgkaU8AAMLPc.jpg:large,1516447007.0,134,0.97,35,CasualUK,dronebox
7rpq5c,"Thanks, I had a time.",,https://imgur.com/Vri3rF5,1516444838.0,13452,0.95,134,CasualUK,[deleted]
7rmqw3,Birmingham Canals,,https://www.flickr.com/photos/aruk5/39755569672/sizes/l,1516406995.0,79,0.99,13,CasualUK,aruk5
7rjqr6,"Spotted in Osaka, Japan.",,https://i.redd.it/z7l51pp332b01.jpg,1516381467.0,171,0.98,13,CasualUK,tileseeking
7rj5ly,M&amp;S Toblerone knock off looks like someone saw a Toblerone 20 years ago and was asked to recall it,,https://imgur.com/IwnHOM2,1516376691.0,160,0.97,31,CasualUK,extremesalmon
7rija4,There's a Swiss roll in the stairwell,,https://i.redd.it/ud90iuzy71b01.jpg,1516371015.0,242,0.98,36,CasualUK,InappropriateSurname
7rifz5,"London, according to Lloyd's bank.",,https://i.redd.it/7f7l6qod41b01.jpg,1516370112.0,176,0.98,30,CasualUK,MrInk3988
7ri7wn,Where do you think he keeps his Oyster Card?,,https://i.redd.it/48i8r6e0y0b01.jpg,1516367667.0,98,0.95,11,CasualUK,Tustiel
7ri0ih,"Just found out my work instant messages system has emojis. There is one for a cuppa which when hovered over says coffee. I'm disgusted, in the UK this should be a Tea emoji not coffee!",,https://i.redd.it/jgn7q0srq0b01.jpg,1516365225.0,93,0.88,32,CasualUK,Sparko_Marco
7rhqqc,"If the United Kingdom was throwing a house party and the Cities/Counties are people, what is your city or county doing at the party?",Following on from a question that's currently trending on AskReddit!,https://www.reddit.com/r/CasualUK/comments/7rhqqc/if_the_united_kingdom_was_throwing_a_house_party/,1516361728.0,106,0.94,274,CasualUK,eltrotter
7rhhby,"Spotted on the streets in Gangnam, South Korea ü§î",,https://i.redd.it/01mzesac50b01.jpg,1516358003.0,13440,0.92,410,CasualUK,storpchorlie
7rhbf4,Say hi to North Lanarkshire Councils new Gritter lineup......,,https://imgur.com/a/0QEzB,1516355677.0,488,0.97,43,CasualUK,[deleted]
7rgtnr,He's got the London Look,,https://i.redd.it/2wbm2qd7cza01.jpg,1516348202.0,300,0.93,24,CasualUK,cryptus
7rgsg9,"A blogger asks for a free stay at a hotel in Dublin, the whole thing blows in her face. The last posts from the hotel/cafe are absolutely hilarious.",,https://www.facebook.com/WhiteMooseCafe/posts/2048406742106598,1516347706.0,152,0.94,119,CasualUK,[deleted]
7re1ek,I found the real CasualUK. See ya later losers.,,https://i.redd.it/or2fl5e1wwa01.png,1516318573.0,174,0.98,13,CasualUK,Autisticunt
7rdlm5,A helpful email on career advice from my university,,https://i.redd.it/nnvhyddskwa01.jpg,1516314829.0,74,1.0,9,CasualUK,bournbrook
7rbgt0,"Credible Bomb Threat in Salisbury, Wiltshire. Locals refuse to leave Subway and complain about being denied access to McDonalds",[deleted],http://www.salisburyjournal.co.uk/news/15864191.Bomb_threat_at_Salisbury_city_centre_post_office/,1516297716.0,75,0.96,7,CasualUK,[deleted]
7rbcg3,I think I beat the system.,[deleted],https://i.redd.it/ph21qjrt2va01.jpg,1516296734.0,287,0.98,17,CasualUK,[deleted]
7rbbjz,Ahh shite,,https://i.imgur.com/hG3SZQN.jpg,1516296532.0,427,0.99,58,CasualUK,theholybikini
7rb6pk,"Plastic Bag 1, Trains 0",,https://i.redd.it/htrildkjzua01.jpg,1516295514.0,201,1.0,16,CasualUK,nebber
7r9l78,'Grieving' ponies keep all-night roadside vigil after herd member killed by motorist,,http://www.independent.co.uk/news/uk/home-news/ponies-roadside-vigil-herd-member-killed-motorist-grieving-new-forest-road-a8164181.html,1516281079.0,77,0.95,14,CasualUK,blizeH
7r9j48,"Leeds United have successfully raised ¬£200,000 for a young fan, Toby Nye, to undergo Neuroblastoma treatment. One of the players, Samuel Saiz, donated ¬£25,000 himself.",,https://www.leedsunited.com/news/community/22896/leeds-united-raise-200-000-for-toby-nye,1516280446.0,113,0.97,11,CasualUK,[deleted]
7r9325,Not a bad view from the back garden this morning.,,https://i.imgur.com/AXfuP5e.jpg,1516274816.0,156,0.96,16,CasualUK,HPB
7r9293,The /r/CasualUK Starter Pack,,https://i.redd.it/asgyr6d29ta01.png,1516274515.0,1101,0.89,127,CasualUK,PerfectHair
7r8sry,I also enjoy drawing furry creatures while fully dressed,,https://i.redd.it/o5y43ai5ysa01.png,1516270857.0,87,0.97,3,CasualUK,[deleted]
7r8s7w,Went to Loch Long a while back,,https://i.redd.it/0vldialixsa01.jpg,1516270643.0,85,0.95,9,CasualUK,tho_da_cuppa_joe
7r8mub,Pleasr wipe the snow off the roof of your car,The roads are shit enough without getting a windscreen full of your mess,https://www.reddit.com/r/CasualUK/comments/7r8mub/pleasr_wipe_the_snow_off_the_roof_of_your_car/,1516268515.0,98,0.93,35,CasualUK,PM_YOUR_SIDE_CLUNGE
7r6x2a,Just submitted my dissertation with 12 hours spare. Thank you all for your help!,"Was going to wait til morning but I couldn't sleep because I was worried I'd oversleep and miss the deadline (go figure, maybe if I could sleep I'd be up at a reasonable time not midday...). Plan tomorrow is to tidy my flat which looks like a tramp has been living here for a few weeks due to my go to the library, come home, eat, go to bed, wake up, go to the library... routine, possibly go to the gym, donate blood and then go to the pub. 

Feel a bit sad now it's done tbh. ",https://www.reddit.com/r/CasualUK/comments/7r6x2a/just_submitted_my_dissertation_with_12_hours/,1516246665.0,62,0.94,6,CasualUK,takhana
7r4lkx,The yanks are at it again - I present to you 'Toads in a Hole',,https://www.reddit.com/r/food/comments/7r21f2/toads_in_a_hole_avocado_toast_with_sriracha/,1516225669.0,118,0.96,103,CasualUK,Theresa_Mays_Horcrux
7r31zf,Dreams Do Come True,,https://imgur.com/kJewUae,1516213613.0,2135,0.96,66,CasualUK,Kelmorgan
7r1z8v,"Parents- don‚Äôt worry if your child can‚Äôt fit a square peg in a square hole. Royal Mail are hiring, and apparently this doesn‚Äôt fit in a letter box!",,https://i.redd.it/bsfc1xrtina01.jpg,1516205148.0,134,0.93,40,CasualUK,NotASexJoke
7r1pc0,You know what goes with a curry even better than a naan bread?,,https://imgur.com/tFJ6LnR,1516202907.0,215,0.89,86,CasualUK,mynameisfreddit
7r1kdk,The snow round here is so unbelievably deep that this car was even flipped onto its roof after losing control while driving through it. Be careful out there when the snow is as heavy as this.,[deleted],https://i.imgur.com/AGCu6OL.jpg,1516201695.0,300,0.99,57,CasualUK,[deleted]
7r0z3a,Stormzy on Dolly Parton,,https://imgur.com/63TrW7t,1516196013.0,344,0.96,78,CasualUK,[deleted]
7r0gd8,"So MyHermes remain a useless bunch of tossnuggets, six weeks after losing Xmas presents.",[deleted],https://i.redd.it/5jjnemx19ma01.jpg,1516189755.0,76,0.92,27,CasualUK,[deleted]
7r0aza,"Hi you casuals, I've started a new UK sub called /r/UnitedKingdomEvents - This is place to share quality upcoming events/tours in the UK - Gaming events, bands, festivals, concerts, exhibitions, theatre, stand up, shows etc.",,https://www.reddit.com/r/UnitedKingdomEvents/,1516187660.0,90,0.9,10,CasualUK,[deleted]
7r03b5,Discovered this gem in a box of 45s today,,https://i.redd.it/bluaendetla01.jpg,1516184514.0,76,0.95,13,CasualUK,badgerfishnew
7qzw0e,Burned over Asda meat [x-post from r/MurderedByWords],,https://i.redd.it/isoebtgpkla01.jpg,1516181564.0,312,0.91,14,CasualUK,cheesey5102
7qzp8j,I guess Royal Mail can't be arsed to deliver my parcel then?,,https://i.redd.it/7fdrtzrxbla01.png,1516178669.0,1348,0.94,108,CasualUK,ed_menac
7qzhr8,"The Most Dangerous Stretch of Water in the World: The Strid at Bolton Abbey, Yorkshire",[deleted],https://www.youtube.com/watch?v=mCSUmwP02T8,1516175542.0,172,0.97,36,CasualUK,[deleted]
7qzh36,Seems we've been adopted by a local squirrel,,https://imgur.com/pofI0RP,1516175264.0,57,0.94,25,CasualUK,hutchero
7qys9v,New baby = Gas and air overload,"Pretty much as the title says... Just spent the last God knows how many hours watching the misses think she's dying in childbirth, now that the midwives and nurses have fucked off I'm absolutely smashing the gas and air, feel like I'm floating. ",https://www.reddit.com/r/CasualUK/comments/7qys9v/new_baby_gas_and_air_overload/,1516166391.0,88,0.93,51,CasualUK,big_sigh30
7qw237,Thought this sign belonged here,,https://imgur.com/m3806fB,1516140708.0,96,0.96,3,CasualUK,KingCoffeh
7quudl,So apparently. TKMaxx donate excess stock to charity instead of destroying it.,,https://imgur.com/a/LViPr,1516131161.0,66,0.98,16,CasualUK,SplinterClaw
7qujgr,Dad DIY solutions.,,https://www.youtube.com/watch?v=pw-loRtwBPE,1516128754.0,61,0.94,12,CasualUK,baodur086
7qu5gz,Causal Liverpool problems,,https://i.redd.it/m6w04tblyga01.jpg,1516125700.0,119,0.98,28,CasualUK,BigLegitimacy
7qtuuf,Ch4 classes the Hoobs as 'factual',,https://i.redd.it/1rm9ya9qrga01.jpg,1516123390.0,106,0.99,17,CasualUK,Clomojo87
7qt525,Seann Walsh is a bin.,,https://i.imgur.com/9Cn4GXm.jpg,1516117576.0,409,0.98,17,CasualUK,Hassaan18
7qt392,Forgotten English Words That Are Just As Useful Today,,https://imgur.com/gallery/L440R,1516117132.0,222,1.0,38,CasualUK,gsurfer04
7qseth,Absolute fashion disaster on University Challenge last night,,https://i.redd.it/v1p7kuvkpfa01.png,1516110575.0,197,0.96,50,CasualUK,carlton-cole
7qs4if,Poem by Hollie McNish,,https://i.redd.it/we9lnov3gfa01.jpg,1516107375.0,88,0.91,16,CasualUK,theLittleGiraffe
7qr5ql,With how popular American Black Friday videos are I'm surprised that the UK hasn't hit back with a 50 year old Tesco worker trying to fill a reduced shelf with people lingering around looking to get egg custard tarts for 12p.,,https://www.reddit.com/r/CasualUK/comments/7qr5ql/with_how_popular_american_black_friday_videos_are/,1516094301.0,3659,0.94,271,CasualUK,Easypeaseee
7qr3hr,Brentford fans paid to make their friend a mascot as part of his stag do. He walked onto the pitch with the players and the children. He's 40.,,https://twitter.com/Josh_Ackland_/status/952658590074064899?s=17,1516093394.0,164,0.96,26,CasualUK,[deleted]
7qqrqf,What have the guardian done?,,https://i.redd.it/c1mpt848wda01.png,1516088582.0,119,0.95,139,CasualUK,alohun101
7qmzw4,"It took me ages to get my amazon pantry box at exactly 100% capacity, then they sent my order like this.",,https://i.redd.it/vjr53nhhtaa01.jpg,1516051354.0,194,0.97,32,CasualUK,merryhedgehog
7qmptg,Tut tut Sainsbury‚Äôs.,,https://i.redd.it/jguv6qhgnaa01.jpg,1516049312.0,636,0.96,35,CasualUK,DanHawkins
7qlob7,The organisers of this event did not grow up in the UK during the 80s...,,https://i.redd.it/q8rp7iiyy9a01.png,1516041118.0,94,0.97,27,CasualUK,farkinhell
7qkyie,Just because you won't see this picture of Gazza looking chipper on the front page of the The Sun,,https://twitter.com/Paul_Gascoigne8/status/952509245580365824/photo/1,1516035401.0,245,0.96,37,CasualUK,PM_ME_CAT_TOES
7qjttd,This wonder from the local charity shop,,https://imgur.com/ntBZTvA,1516024816.0,98,0.97,19,CasualUK,[deleted]
7qj1gs,Americanisms,,https://youtu.be/YnGPgCVJUsI,1516014489.0,165,0.95,27,CasualUK,Easypeaseee
7qiahu,BBC News not afraid to tackle the big issues,[deleted],https://i.redd.it/lcb5gn7ku6a01.jpg,1516003274.0,5019,0.93,176,CasualUK,[deleted]
7qi2f3,That Monday morning feeling,,https://i.redd.it/hp4kedu0l6a01.jpg,1516000074.0,304,0.96,24,CasualUK,BenjiManCan
7qfkxh,Who even buys pint glasses....?!,,https://i.redd.it/v1hb5m6ib4a01.jpg,1515972651.0,328,0.97,92,CasualUK,londonpaps
7qdq29,This is what living in the UK is all about,,https://imgur.com/K8JbJhN,1515955886.0,292,0.99,27,CasualUK,Tjbun
7qdn51,"Browsing cars for sale on ebay, suddenly...",[deleted],https://i.ebayimg.com/images/g/t54AAOSwbHZaV-cH/s-l1600.jpg,1515955145.0,150,0.97,35,CasualUK,[deleted]
7qbynw,Just received this exotic competition invitation,,https://i.imgur.com/j5FNZtc.png,1515938294.0,165,0.96,25,CasualUK,Cornerway
7qbquz,Scenic view from a bench at media city.,,https://i.redd.it/vhiao20581a01.jpg,1515935200.0,69,0.94,3,CasualUK,RIOTER66
7qbdcx,It's only the second week in January and I've got eight Creme Eggs up my arse!,,https://i.imgur.com/usdPW94.jpg,1515928996.0,284,0.95,59,CasualUK,tipodecinta
7qbc7d,Can we talk for a minute about bagged milk?,[deleted],https://www.reddit.com/r/CasualUK/comments/7qbc7d/can_we_talk_for_a_minute_about_bagged_milk/,1515928421.0,64,0.92,54,CasualUK,[deleted]
7q7j1c,Felt proud to get this text earlier today,,https://i.redd.it/3plxbmeqow901.jpg,1515880261.0,195,0.89,69,CasualUK,Willyamsss
7q77rf,itv2's showing of The Lord of the Rings: The Fellowship of the Ring was dog-shite,"Seriously, what the fuck, itv? 

'Let's just cut out important parts of fight sequences, who even likes those? Let's also make sure to cut down one of the saddest and also most badass sequences of the entire trilogy' ",https://www.reddit.com/r/CasualUK/comments/7q77rf/itv2s_showing_of_the_lord_of_the_rings_the/,1515877354.0,79,0.97,37,CasualUK,matti-san
ds2j1z,"It's a little out of focus, but here's a picture I took this morning of a Red Kite mid-call",[deleted],https://i.redd.it/x35re3uhyqw31.jpg,1572975297.0,433,0.99,16,CasualUK,[deleted]
ds1mb9,Goodbye Pumpkin Rick!,,https://i.imgur.com/z5u5i0c.jpg,1572971497.0,191,0.91,10,CasualUK,richh00
ds1d4k,Pulled some strings and got a early Festive Baby Chocolate Avocado. Incredible.,,https://i.imgur.com/wFUori5.jpg,1572970437.0,118,0.93,17,CasualUK,jakpuch
ds0vr5,Stay Safe!,[deleted],https://i.redd.it/q1hlf42z0ww31.png,1572968423.0,104,0.82,17,CasualUK,[deleted]
drzqek,A Rainy Night in Edinburgh,,https://i.redd.it/lons9zhvjqw31.png,1572963460.0,5074,0.99,145,CasualUK,TheBizzareKing
drz8k3,Pulled some strings and got a early Festive Bake. Incredible.,,https://i.redd.it/ujm3m9c4fvw31.jpg,1572961020.0,68,0.86,29,CasualUK,cameroncupcake
drz63i,"Remember, remember the 5th of November","Gunpowder, treason, and what?  
There must be some reason to remember this season.  
But whatever it is I forgot.",https://www.reddit.com/r/CasualUK/comments/drz63i/remember_remember_the_5th_of_november/,1572960658.0,201,0.98,68,CasualUK,morris_man
drz0v4,"Hit the jackpot with my Boots meal deal ngl, basically a whole chicken in my wrap",,https://i.redd.it/0lxc2jgtbvw31.png,1572959908.0,85,0.86,12,CasualUK,P_For_Pancetta
drydpe,"Amazon UK - relax ladies! Or if you can't, why not kill people with this hatchet?",,https://i.redd.it/756owtnp1vw31.jpg,1572956491.0,192,0.97,17,CasualUK,UnrulyHousewife
dry1nr,Glasswater woods in Crossgar Co Down. Theres nothing quite like autumn morning walks.,,https://i.redd.it/bd0j987kvuw31.jpg,1572954425.0,68,0.95,2,CasualUK,neidin28
drxwaf,Did my public service and introduced a American to Yorkshire Parkin this 5th of November,,https://m.youtube.com/watch?v=2KMJUhnB8EI,1572953445.0,76,0.93,18,CasualUK,TehHappyNarwhal
drxhdl,"You should know as the country is all having it done, that when having your gas meter changed and they leave you without gas over night, you get ¬£30 for every night without gas, the engineers are told not to tell us, but my friend was the engineer that did mine",Also they must supply at least 1 free electric  hot plate for cooking/heating water,https://www.reddit.com/r/CasualUK/comments/drxhdl/you_should_know_as_the_country_is_all_having_it/,1572950615.0,255,0.95,35,CasualUK,watugoat
drwef8,"Older Londoners will Recognise this, a decommissioned older tube at north acton last nigh",,https://i.redd.it/ygfynmpqwtw31.jpg,1572942748.0,133,0.95,29,CasualUK,unscsnip3r
drv86k,Not a bad morning dog walk haul. Found in a JD sports bag on a field adjacent to the local park. My guess is some youths got spooked and chucked it over the fence. There was also a little bag of oregano or something with it.,,https://imgur.com/AcCof1A.jpg,1572934448.0,9745,0.98,574,CasualUK,26326312
druo3n,It seems my local council hired Stevie Wonder to paint the double yellow lines on the new one way system my town has been working on for literally years.,[deleted],https://i.redd.it/2nb1fm14ysw31.jpg,1572931067.0,102,0.96,20,CasualUK,[deleted]
drrtu7,"Middle of nowhere- Collieston, Scotland.",,https://i.redd.it/t0k2erfesrw31.png,1572917039.0,67,0.97,1,CasualUK,lizthelizard95
drq2up,My unimpressed kid at the Falls of Foyers.,,https://v.redd.it/2cfganid5rw31,1572909332.0,83,0.94,13,CasualUK,Whistler71
drpna5,London rental opportunity of the week: the toilet/shower/kitchen,,https://i.redd.it/8rubcoq70rw31.png,1572907559.0,146,0.99,92,CasualUK,tropicalstormy
drphg7,30 years ago today these guys went to the moon for cheese,,https://i.redd.it/gj19ada8yqw31.jpg,1572906892.0,10383,0.99,239,CasualUK,b0ldone
drnhve,"Took a photo of my local town, I thought it looked pretty good",,https://i.redd.it/si8hxzqeaqw31.jpg,1572898882.0,173,0.92,26,CasualUK,apple_the_melon
drm9lu,"Nice colours at Royal Victoria Park, Bath",,https://i.redd.it/23daiwkxvpw31.jpg,1572894051.0,287,1.0,9,CasualUK,gyusz
drm7wv,We have a new contender,,https://v.redd.it/pdxptjcdvpw31,1572893844.0,69,0.93,20,CasualUK,Breaktime
drksym,The Penguin teaches American GIs how to act in a British Pub,,https://youtu.be/_GCcoaSq3x4,1572888114.0,104,0.99,34,CasualUK,Unleashtheducks
drkph6,They're all off to Barking.,[deleted],https://i.redd.it/9wdwmze8dpw31.png,1572887732.0,9950,0.97,133,CasualUK,[deleted]
drkdwx,Sports Direct finally has a worthy challenger,,https://i.redd.it/4s4pazii9pw31.jpg,1572886476.0,416,0.99,68,CasualUK,elzor52
drjgs1,Peaceful autumn night in the West Midlands,,https://i.redd.it/htn3y0aeyow31.jpg,1572882739.0,244,0.98,21,CasualUK,[deleted]
drj8be,I've eaten 10 already,,https://i.redd.it/ziq301oevow31.jpg,1572881729.0,889,0.96,169,CasualUK,AbsimUddin
drikds,me and my mates did the Inbetweeners in Malia for Halloween,,https://i.redd.it/69knftsimow31.png,1572878749.0,516,0.91,33,CasualUK,PB_and_aids
dri6i4,Yoga Queen chilling in Shoreditch,[deleted],https://i.redd.it/w23u2oi9how31.jpg,1572876973.0,127,0.95,8,CasualUK,[deleted]
drhimm,The oldest known British joke dates from the 10th century.,"

Found in a book of Anglo-Saxon poetry, it reads: 

""what hangs at a man‚Äôs thigh and wants to poke the hole that it‚Äôs often poked before? 

Answer: A key.""",https://www.reddit.com/r/CasualUK/comments/drhimm/the_oldest_known_british_joke_dates_from_the_10th/,1572873640.0,379,0.98,34,CasualUK,ScreamOfVengeance
drhbva,The one rating on the ‚Äúofficial‚Äù London tube map,,https://i.redd.it/4oltyw0d4ow31.png,1572872640.0,60,0.92,7,CasualUK,xxxDucky
drgnk3,"Just seen this at work. Nice try snake, I know what happened last time.",,https://i.redd.it/3095qd6ctnw31.png,1572868938.0,66,0.92,7,CasualUK,Finleychops
drgkos,Train stations in the morning are pretty cool,,https://i.redd.it/m8bya8hxrnw31.jpg,1572868454.0,94,0.94,6,CasualUK,up_all_night_crying
drgh0p,My GP has the worst new Mr Men character,,https://i.redd.it/5l18ul11qnw31.jpg,1572867813.0,276,0.98,18,CasualUK,Little_to_no_effort
drezzg,Helping my mum clear her kitchen out and found this blast from the past,,https://i.redd.it/3scybxzovmw31.jpg,1572857614.0,1266,0.99,46,CasualUK,cg010169
dreukh,Monday morning - stations got brand new lick of paint - but where are you supposed to stand?,,https://i.redd.it/gp0j1ejasmw31.jpg,1572856470.0,117,0.93,25,CasualUK,Imreallynotgarycolem
dre9y0,My favorite kind of weather,,https://i.redd.it/brbl6s5agmw31.jpg,1572852431.0,8475,0.97,256,CasualUK,finkyleon
drao1a,Capaldi keeping it real!,,https://i.redd.it/27up2k2btkw31.jpg,1572832596.0,52,0.85,7,CasualUK,xindigothoughtsx
dr9zd9,Actual picture of the roads in Hampshire,,https://i.redd.it/w2ji5k7hfjw31.jpg,1572829459.0,209,0.99,17,CasualUK,SexyPoliovirus
dr9gbt,Back to the good ol‚Äô days,,https://i.redd.it/cu6kenui4gw31.png,1572827091.0,133,0.88,5,CasualUK,Johnchild
dr8e28,"12 years ago my Dad uploaded his video of the Bristol balloon festival, his choice of music makes it feels like a weird meme that was too ahead of its time.",,https://www.youtube.com/watch?v=vJnE1BOEDLs,1572822385.0,936,0.99,57,CasualUK,[deleted]
dr7mvr,An orderly queue for a puddle,[deleted],https://i.redd.it/5xvc91t0pjw31.jpg,1572819048.0,1100,0.99,28,CasualUK,[deleted]
dr7biz,Just installed these new window films! Bye annoying gawkers!,,https://i.redd.it/y7tg0pqykjw31.jpg,1572817683.0,246,0.96,77,CasualUK,RedhoodRat
dr5r19,His Dark Materials,Is anyone going to be watching it??? I'm ridiculously excited!,https://www.reddit.com/r/CasualUK/comments/dr5r19/his_dark_materials/,1572811032.0,72,0.93,59,CasualUK,a-liquid-sky
dr5hra,Casual Sunday walk in Llangollen,,https://imgur.com/HdV9yeT,1572809975.0,114,1.0,8,CasualUK,couverbrum
dr5fea,Birmingham 2015. Sauron is forced to do community service.,,https://i.redd.it/x68spio7xiw31.png,1572809695.0,397,0.98,18,CasualUK,EvilSoup42
dr4z64,I thought macaroni cheese on a carvery was bad until I saw this abomination.,,https://i.redd.it/1mgwqp9uriw31.jpg,1572807892.0,192,0.97,39,CasualUK,Cunt_Puffin
dr4jry,Coastline Zennor - Cornwall,,https://i.redd.it/xt0xkb1fmiw31.jpg,1572806114.0,61,1.0,0,CasualUK,[deleted]
dr4ge5,Beautiful lighting near Haresfield this evening.,,https://i.redd.it/xgn2xmzbliw31.png,1572805702.0,110,0.99,0,CasualUK,Compass_Needle
dr4bgn,Local on a Sunday - the horror!,,https://i.imgur.com/jlUmAGm.jpg,1572805129.0,257,0.97,36,CasualUK,vikingdrew
dr4096,Wallace and Gromit outtakes are quality,,https://youtu.be/_ogGXw6cRPc,1572803772.0,64,0.95,5,CasualUK,PashleyBoy
dr3hy1,Some of the questions on my Health &amp; Safety quiz were a bit...,,https://i.imgur.com/Ccoqyx0.jpg,1572801637.0,66,0.93,28,CasualUK,poppalopp
dr3ca4,"It‚Äôs the 3rd November at 5pm, it is 8¬∞c outside. Madman Mr Whippy just turned up",,https://i.imgur.com/L0hKHYt.jpg,1572800973.0,14106,0.98,380,CasualUK,[deleted]
dr2bo2,How high are you?,,https://i.redd.it/rds6hveuuhw31.jpg,1572796793.0,170,0.97,39,CasualUK,ta-cup
dr1t5k,Moving to the country is taking some getting used to,,https://v.redd.it/nxyxxyv9ohw31,1572794601.0,63,0.96,23,CasualUK,gasrovers
dr1iy6,Nothing like a walk in the Shropshire Hills on a Sunday afternoon,,https://i.imgur.com/d0Tl7fP.jpg,1572793336.0,165,0.98,4,CasualUK,stoncall
dr10rk,Anyone elses Mum just talk right over you on the phone?,[deleted],https://www.reddit.com/r/CasualUK/comments/dr10rk/anyone_elses_mum_just_talk_right_over_you_on_the/,1572791003.0,66,0.94,24,CasualUK,[deleted]
dr0v9l,"Iceland delivered some chicken which was out of date by 1 day. Refused to refund without collecting it. I told them they could collect it (by this point it was 10 days out of date, but I was willing to dig it out of the wheelie bin to prove a point). Refused to collect and closed enquiry. Bizarre.",,https://i.redd.it/2bqxzdndbhw31.jpg,1572790245.0,57,0.91,40,CasualUK,mrspea84
dr0tsd,"White Cliffs of Dover, England",,https://i.redd.it/bv7nfiyoahw31.jpg,1572790047.0,94,0.75,13,CasualUK,[deleted]
dr0g43,"People are setting off fireworks at all times of the day for days on end, so I'm endlessly playing videos of outside to keep these two entertained inside.",,https://i.redd.it/6ge7ibz95hw31.png,1572788197.0,145,0.95,20,CasualUK,razarias
dr04cg,I get black squirrels in my garden.,[deleted],https://i.redd.it/sey6ul4mzgw31.jpg,1572786289.0,129,0.99,34,CasualUK,[deleted]
dqzynd,Welsh house,,https://i.redd.it/7m39rjmzwgw31.png,1572785414.0,118,0.95,20,CasualUK,bobsteaman
dqzwlu,My hat goes off to Channel 4 for showing old Simpsons in their original 4:3 glory,[deleted],https://www.reddit.com/r/CasualUK/comments/dqzwlu/my_hat_goes_off_to_channel_4_for_showing_old/,1572785070.0,194,0.98,48,CasualUK,[deleted]
dqz6t0,Sunday disaster,,https://i.redd.it/2vsifireigw31.png,1572780506.0,106,0.99,31,CasualUK,keepmepostedx
dqz4ju,"Oops, I forgot to take this back..",,https://i.redd.it/b4965c77hgw31.png,1572780108.0,181,0.94,32,CasualUK,GeNeRaLkEnobeE
dqykiz,Gregg Wallace receiving mixed reviews at a local pub,,https://i.redd.it/7c16gsxc6gw31.png,1572776485.0,212,0.98,23,CasualUK,PissYourTits
dqyjee,Argos? Book of Dreams? THIS is a grown ups Book of Dreams!,,https://i.redd.it/lg07scbv5gw31.png,1572776288.0,202,0.95,42,CasualUK,Nun-Taken
dqyion,"Well, that‚Äôs going to be stuck in my head for the rest of the day.",,https://i.redd.it/thkfgpif5gw31.png,1572776138.0,98,0.93,14,CasualUK,thedudeabides80
dqy530,No better combo Sunday mornings and bacon,,https://i.redd.it/j88xwc8jxfw31.jpg,1572773483.0,73,0.82,44,CasualUK,alexefy
dqy337,It's the simple things,,https://i.redd.it/6otc4orawfw31.jpg,1572773068.0,1009,0.98,23,CasualUK,Yachting-Mishaps
dqxzzq,The computer we exist in ran short of CPU cycles to fully render the simulation this morning,,https://i.redd.it/glrj24rvtfw31.jpg,1572772363.0,1777,0.95,91,CasualUK,bexwhitt
dqxpsg,A misty morning,,https://i.redd.it/n2ccjh30nfw31.jpg,1572769964.0,73,0.96,3,CasualUK,RoguePotato
dqxe73,I want to see the marketing campaign that backed up the naming of this van.,,https://i.redd.it/gx6y1k4xefw31.jpg,1572767225.0,463,0.97,18,CasualUK,francishinehughes
dqx4ny,"Hey Bob, don‚Äôt forget we need to come up with a name for our new firework...",,https://i.redd.it/a5een04c8fw31.png,1572765007.0,163,0.98,10,CasualUK,myownpersonalcheeses
dqt1qg,Spotted this sign in a village hall...,,https://i.redd.it/ogmz0tpr7dw31.png,1572740678.0,224,0.98,6,CasualUK,arfab
dqrxkc,St. Paul's Church - Birmingham,,https://live.staticflickr.com/65535/49002699908_f94c89ba30_h.jpg,1572735395.0,88,0.99,6,CasualUK,aruk5
dqrwok,Got any carrots ?,[deleted],https://i.redd.it/7a9urk1yrcw31.jpg,1572735284.0,150,0.99,10,CasualUK,[deleted]
dqrue1,When you decide to take the stopping train home from work because it‚Äôs ‚Äòcheaper‚Äô,,https://i.redd.it/bxpea6p2rcw31.png,1572734989.0,665,0.99,28,CasualUK,doug738
dqp5op,fu#%ing fireworks,,https://i.redd.it/ic7uvm41sbw31.jpg,1572723213.0,832,0.95,92,CasualUK,bexwhitt
dqow9r,Can we all just agree this is the greatest show on TV right now?,,https://i.imgur.com/QcHgU2X.jpg,1572722091.0,4755,0.91,395,CasualUK,Artaxxx
dqo9di,Nutella on a yorkie. My daughter is a filthy animal,,https://i.redd.it/vqggg8jugbw31.jpg,1572719444.0,109,0.91,37,CasualUK,gingerbenji
dqnj6g,From my last visit to Newcastle. A result of 3 pictures with 10 stops nd filter,,https://i.redd.it/oad1wf8p7bw31.jpg,1572716383.0,57,0.95,8,CasualUK,StronkBushman
dqmhz1,"Popped into aldi earlier to get some puff pastry, walked out with a high vis jaked aswell (bloody middle aisle)",,https://i.redd.it/twr0md6xuaw31.jpg,1572712076.0,301,0.96,49,CasualUK,me-david
dqm6sh,"""Come to the Isle of Wight, they said. It's always sunny, they said.""",,https://i.redd.it/lzubx0ynqaw31.png,1572710708.0,335,0.98,30,CasualUK,sir_mihael
dql7ti,"Fighting cheese thieves, some Bristol Tesco‚Äôs.",,https://i.redd.it/d5ezyulwdaw31.png,1572706370.0,266,0.99,76,CasualUK,Mattie_Scrizzle
dql1xz,What kinda unfair dingo shit is this!,,https://i.redd.it/bevpblvzg8w31.jpg,1572705624.0,152,0.96,19,CasualUK,Patriarch_FH
dqku12,"‚ÄúVictory over blindness‚Äù Manchester Piccadilly reenactment of the 7 blinded WW1 soldiers - mirroring the statue at the main entrance, for 8 hours.",,https://i.redd.it/owbptqvh8aw31.png,1572704599.0,389,0.98,13,CasualUK,ppumkin
dqknad,My favourite sign from my local aquatic shop,,https://i.redd.it/d9agxaqz5aw31.png,1572703706.0,144,0.99,10,CasualUK,RandySpanners
dqk57c,A Poppy I made for a veteran ahead of the upcoming Remembrance Day,,https://i.redd.it/c7pjw9vny9w31.png,1572701262.0,149,0.91,12,CasualUK,abscrapt
dqk2l1,Spotted in IKEA. The pain of a Saturday morning shopping was clearly felt by another.,,https://i.redd.it/q679e41nx9w31.jpg,1572700883.0,237,0.97,5,CasualUK,picard47at
dqjl9y,"I might be being a bit anal here, butt I feel like the village should rotate these 90¬∞",,https://i.redd.it/pa6qeiz4q9w31.jpg,1572698353.0,987,0.99,46,CasualUK,Primique
dqj7vo,"Splashed out 5p on this bad boy, not even plastic",,https://imgur.com/4E5JeGT,1572696134.0,107,0.94,20,CasualUK,mynameisfreddit
dqivpa,My white Robertson's loaf is having an identity crisis.,,https://i.redd.it/up9p5t1rc9w31.jpg,1572693864.0,273,0.98,18,CasualUK,lastorderstime
dqilsu,Classic Brits,,https://i.redd.it/jvdbpinp79w31.png,1572692161.0,708,0.98,48,CasualUK,Jqzzy
dqijzo,This is undeniably true,,https://i.redd.it/vgkuk1ir69w31.jpg,1572691839.0,606,0.97,78,CasualUK,Yachting-Mishaps
dqicin,One of these stickers doesn't belong.,,https://imgur.com/eFgLcJt,1572690353.0,159,0.98,14,CasualUK,kopsy
dqiaj0,Standard.,,https://i.redd.it/6ap9whb419w31.png,1572689946.0,833,0.99,72,CasualUK,deactivated-
dqi9u4,Someone clearly isn‚Äôt happy England are losing,,https://i.redd.it/ch94q0mp09w31.png,1572689802.0,441,0.97,25,CasualUK,[deleted]
dqi8mc,Show us your toilet roll dolls,,https://i.pinimg.com/originals/f9/72/97/f972977e9d65228541c72a8204d8803e.jpg,1572689533.0,70,0.99,19,CasualUK,Basildonis
dqi1u4,Most people‚Äôs Saturday morning,[deleted],https://i.redd.it/o97kkzqmv8w31.png,1572688094.0,452,0.95,43,CasualUK,[deleted]
7q6qm5,Tesco has reached a new low,,https://i.redd.it/g6rxx3z63w901.jpg,1515873008.0,98,0.96,46,CasualUK,bashfulonix
7q5s5q,They told me my Railcard would pay for itself,,https://i.redd.it/qpj0n86vdv901.jpg,1515864486.0,407,0.99,42,CasualUK,Xasmos
7q5ogv,Spent my afternoon building Lego and ended up with this beast.,,https://i.imgur.com/g0shVOR.jpg,1515863572.0,86,0.95,39,CasualUK,LightningGeek
7q4ysm,This heathen with his upside down flag in Warrington. Sort it out pal.,,https://i.redd.it/6x7u9fkmpu901.jpg,1515856414.0,94,0.93,25,CasualUK,Diastolic
7q4ov0,I think The Sun needs a new printer,,https://i.imgur.com/Bl93ZKw.jpg,1515853217.0,195,0.96,71,CasualUK,SpiwwowAwwow
7q4g76,What town is the biggest shithole in the UK?,,https://www.reddit.com/r/CasualUK/comments/7q4g76/what_town_is_the_biggest_shithole_in_the_uk/,1515850231.0,85,0.94,438,CasualUK,unthoughtfulhuman
7q4dvs,Sainsbury's has something different in mind when they say party...,,https://imgur.com/mBSIOMR,1515849316.0,103,0.97,13,CasualUK,Glory_Hal
7q3vq9,Found a relic from a bygone era in work the other day,,https://i.redd.it/wdroleebgt901.jpg,1515841097.0,500,0.98,57,CasualUK,alfredo_the_great
7q3f8x,I‚Äôm really happy that Paul O‚ÄôGrady has found something to do between filming Battersea Dogs Home,,https://i.redd.it/eocs2hbvrs901.jpg,1515832871.0,68,0.89,6,CasualUK,TheSquireOfTheShire
7q3ev1,Comedians you can't stand,"I absolutely hate Rob Beckett. His only jokes are that he's from Essex and looks like a horse.


I'm in bed watching Mock the Week and just want to release my hate somewhere.

Edit: Not from Essex, just talks like a twat.",https://www.reddit.com/r/CasualUK/comments/7q3ev1/comedians_you_cant_stand/,1515832676.0,125,0.95,371,CasualUK,CaptRamius
7q353o,My Friday evening....,,https://imgur.com/sIVXvDr,1515828071.0,5386,0.95,83,CasualUK,[deleted]
7q2ko9,Garden centre from Hot Fuzz in the snow,,https://i.redd.it/krokw68vpr901.jpg,1515820093.0,71,0.93,12,CasualUK,imdrunkandfuckedup
7q14fw,"Not even a tickle, is this a joke to you Tesco?",[deleted],https://i.redd.it/bg3qdr1wdq901.jpg,1515803964.0,83,0.93,52,CasualUK,[deleted]
7pyz2r,Suffer from an incurable physical condition which has deteriorated rapidly and made me very lonely. Does anyone fancy a Skype?,"What's up guys. I'm 23/M from London. Lived a perfectly normal life until a couple of years ago.

Unfortunately, I was hit with an incurable physical condition which has gotten significantly worse in the past two years. (If you're interested I can PM you the details).

Consequently, I've been unable to leave the house and do simple everyday things I used to enjoy. All of my friends either work or study away and I am incredibly lonely.

Wondering if anyone is willing to have a skype/voice call? Just for general chit chat. I enjoy sports, music, philosophy, taking the piss out of everything and dry humour.

I can send a pic of myself if you're unsure. Hope you all have a great evening.

Edit: Wow, fell asleep and woke up to some amazing responses. Wasn't expecting this at all. What a beautiful bunch of people you are at r/CasualUK.",https://www.reddit.com/r/CasualUK/comments/7pyz2r/suffer_from_an_incurable_physical_condition_which/,1515785048.0,163,0.97,27,CasualUK,[deleted]
7pxckt,Thank god Megabus put up this warning.,,https://i.redd.it/er84glsepn901.jpg,1515771535.0,163,0.98,19,CasualUK,idlewildgirl
7pwlb5,Lightning Lizzie,[deleted],https://i.imgur.com/ngzN0ZF.jpg,1515764097.0,3822,0.93,48,CasualUK,[deleted]
7pwitn,"In my teens, I used to write down my dreams. I recently re-discovered the notebook in question which was... interesting. Thought I'd share this gem of a noughties pop culture rollercoaster.",[deleted],https://www.reddit.com/r/CasualUK/comments/7pwitn/in_my_teens_i_used_to_write_down_my_dreams_i/,1515763312.0,62,0.98,18,CasualUK,[deleted]
7pvric,This monstrosity flopped into my bowl of Fruit and Fibre this morning.,,https://imgur.com/NtUOzsC,1515753045.0,216,0.96,30,CasualUK,loosefred
7pvmaf,New ¬£5 Note Can Play Vinyl Records,,https://www.youtube.com/watch?v=DXXDMHdFe8Q,1515750918.0,210,0.92,50,CasualUK,spacecrustaceans
7pvbkt,Large fire at Nottingham Railway Station - all trains cancelled,,http://www.bbc.co.uk/news/uk-england-nottinghamshire-42660181,1515746256.0,56,0.97,57,CasualUK,GFoxtrot
7pukfg,How to fly the flag.,,https://i.redd.it/uxpmf8iirk901.jpg,1515735897.0,271,0.93,88,CasualUK,gavingiant
7psqm7,Marmite art,,https://i.redd.it/damcp2du2h901.jpg,1515717261.0,65,0.95,11,CasualUK,lizzardly
7prmvb,"Just been advised that ""biscuits in gravy"" is a popular US dish us Brits should try. Let nobody say I'm not adventurous.",[deleted],https://i.redd.it/xkpqhyooei901.jpg,1515707499.0,411,0.97,115,CasualUK,[deleted]
7prlrl,Rare Sighting: 5p/10p sweets in London,,https://i.redd.it/uydbfzgbei901.jpg,1515707251.0,101,0.98,25,CasualUK,dankydiamonds
7prf40,Greggs the perfect town center snack.,,https://i.redd.it/ryr6wb1t9i901.jpg,1515705728.0,865,0.93,185,CasualUK,_absent_minded_
7pq50y,Well you're not wrong...,,https://i.redd.it/8n93tntxeh901.jpg,1515695351.0,100,1.0,16,CasualUK,gracea92
7pp2li,Guy keeps calling The Wright Stuff to call his exwife a bitch live on air,,https://twitter.com/gregecky/status/951167367530377217,1515686598.0,324,0.99,37,CasualUK,Glurt
7pp1w2,"People who browse this subreddit but have never been to the UK, tell us why you're here!",,https://www.reddit.com/r/CasualUK/comments/7pp1w2/people_who_browse_this_subreddit_but_have_never/,1515686443.0,110,0.99,105,CasualUK,lackofemotions
7pp1vc,All busses should be installed with a publically accessible GPS so you can see how many days it will take to arrive.,"But seriously, how good would it be to have trackable busses?",https://www.reddit.com/r/CasualUK/comments/7pp1vc/all_busses_should_be_installed_with_a_publically/,1515686439.0,106,0.96,38,CasualUK,anagoge
7pono8,How Many Brits Paid A Pound To See How Many Brits Paid A Pound?,,http://howmanypounds.com/,1515683025.0,256,0.88,67,CasualUK,the7bandit
7pnmrw,Eddie Clarke dead: Motorhead guitarist dies aged 67,,http://www.independent.co.uk/arts-entertainment/music/news/fast-eddie-clarke-dead-motorhead-aged-67-dies-died-cause-best-songs-albums-a8153266.html,1515672125.0,96,0.94,17,CasualUK,[deleted]
7pn9f4,World champion biscuit dunkerüá¨üáß,,https://v.redd.it/xq88sadl2f901,1515667084.0,6246,0.94,171,CasualUK,February-
7pn1qh,Just moved house - view from the back garden,[deleted],https://imgur.com/BOlOv2d,1515663950.0,142,0.97,51,CasualUK,[deleted]
7pmyki,Butcher smashes way out of freezer using black pudding,,http://www.devonlive.com/news/devon-news/butcher-smashes-way-out-freezer-1041731,1515662565.0,170,0.97,51,CasualUK,quinn_drummer
7pmy2e,BBC One -The world's smallest cat,,http://www.bbc.co.uk/programmes/p05srpx8?intc_type=promo&amp;intc_location=news&amp;intc_campaign=smallestcat&amp;intc_linkname=bbcone_fac_vidclip,1515662355.0,71,0.92,15,CasualUK,[deleted]
7pmxsp,"Get That Bloody Tea Outta Shot, John!!",,https://v.redd.it/91hgsziboe901,1515662271.0,87,0.96,8,CasualUK,mattthebrown
7pmx2z,Why did they make the weekly ticket so fucking long?,,https://imgur.com/Abi5K1V,1515661941.0,61,0.97,24,CasualUK,Jayjajy
7pmoyt,Boots knows what's going on,[deleted],http://imgur.com/3hyKDYq,1515658530.0,182,0.97,33,CasualUK,[deleted]
7pi7m1,Bit forward,,https://i.redd.it/d5fthdikpa901.jpg,1515614177.0,199,0.98,12,CasualUK,[deleted]
7phi3m,[x-post from r/britpics] Most Northern menu ever,,https://i.redd.it/kn4dbkok74901.jpg,1515608463.0,196,0.96,72,CasualUK,Sniper_Guz
7phc4b,My wife's new make-up. Isn't the British highstreet wonderful?,,https://i.redd.it/1cythjmxy9901.jpg,1515607121.0,65,0.94,19,CasualUK,CaptainAutistic
7ph4g0,"NatWest's call centre holding music is Adagio for Strings. I'm trying to get my card unblocked, not contemplate my fragile mortality.",,https://www.reddit.com/r/CasualUK/comments/7ph4g0/natwests_call_centre_holding_music_is_adagio_for/,1515605314.0,89,0.97,26,CasualUK,Fermain
7pgo9a,View of the Shard this morning (unedited),,https://i.imgur.com/CgqOtPi.jpg,1515601604.0,104,0.96,33,CasualUK,ajwilkz
7pfdrn,Anyone listening to Radio 2 right now?,"This woman is wittering on about her fucking coffee cups like it‚Äôs the end of the world and it‚Äôs detrimental to her ‚Äúway of life‚Äù to suggest that she could carry a thermos with her. Fuck me. 

I have to listen to Radio 2 at work everyday and the ridiculous people they have on the Jeremy Vine show drives me round the bend sometimes. ",https://www.reddit.com/r/CasualUK/comments/7pfdrn/anyone_listening_to_radio_2_right_now/,1515588805.0,63,0.94,28,CasualUK,seanbear
7pesv7,"The local bin-men get upset over a yoghurt pot in the black bin, yet somebody thinks this will be fine.",,https://i.imgur.com/zGw9e7w.jpg,1515580865.0,183,0.99,28,CasualUK,9DAN2
7pehpd,The best table you will ever find on some trains,,https://imgur.com/w16oCSa,1515576213.0,60,0.95,9,CasualUK,germanbeer
7pe6l4,The council snuck in little pun in their motto,,https://imgur.com/rM4G8kb,1515571470.0,96,0.92,20,CasualUK,Glory_Hal
7pcg9z,I got a Pot Noodle for Christmas (I live in Canada). Even better was the quality disclaimer on the pot! How long have they been like this?!,,https://i.redd.it/5baizgjwi5901.jpg,1515551401.0,73,0.96,33,CasualUK,TristansDad
7pceu7,One of the people who uses my Netflix account has watched the entire third season of Friends in less than one day,PSA: Friends was recently added to Netflix in the UK,https://www.reddit.com/r/CasualUK/comments/7pceu7/one_of_the_people_who_uses_my_netflix_account_has/,1515551002.0,64,0.97,31,CasualUK,ddoouuggllaass
7paeby,Today the woman who complains about everything in the office out did herself. (We have white binbags),,https://i.redd.it/l9oea0dg04901.jpg,1515533092.0,119,0.94,84,CasualUK,_absent_minded_
7pa31b,This is why I should not be allowed to go shopping when I‚Äôm starving after a bad day,,https://i.redd.it/v2m0nb80t3901.jpg,1515530609.0,583,0.96,143,CasualUK,sarahchoups
7p9esn,I've told people this to no avail,,https://i.imgur.com/ovLyyFv.png,1515525080.0,847,0.98,76,CasualUK,RIPGoodUsernames
7p9422,A plea to fellow cyclists,"You may have noticed that your front lights are a lot brighter than they used to be, in some cases even brighter than the hi-beams of a car.

Would you please be so kind as to point your lights downwards about 25 degrees or so, out of respect for pedestrians walking towards you?  I'm sure they don't appreciate being blinded, and I'm adamant you don't need to see 2 miles into the distance.

Ta duck.

(And for what its worth, sometimes I like to walk home down the canal towpath.  Tonight was such a night.  Inconsiderate cyclists constantly destroying my night-vision when all I want to do is try and look at some stars.)

\*polite edit*  Lets keep things civil, folks.  Anti-cycling brigade, please don't bother to respond to this thread.",https://www.reddit.com/r/CasualUK/comments/7p9422/a_plea_to_fellow_cyclists/,1515522732.0,125,0.95,110,CasualUK,[deleted]
7p7ytz,Marks and Spencer mocked over ¬£2.50 'cauliflower steak',[deleted],http://www.thenorthernecho.co.uk/news/15816048.Marks_and_Spencer_mocked_over___2_50__cauliflower_steak_/,1515513358.0,72,0.94,35,CasualUK,[deleted]
7p750p,"After 15 years of struggling with my self-esteem, finally cracked it by comparing myself to a cup of tea.",[deleted],https://www.reddit.com/r/CasualUK/comments/7p750p/after_15_years_of_struggling_with_my_selfesteem/,1515505200.0,255,0.97,29,CasualUK,[deleted]
7p6nt1,Millets/Blacks are gradually creating a treasure hunt around Southampton,,https://imgur.com/a/2QqRb,1515499377.0,183,0.97,23,CasualUK,[deleted]
7p6m1c,"After lurking this subreddit for a while, I was reminded of it in the Costco booze aisle.",,https://i.imgur.com/vm251BF.jpg,1515498715.0,549,0.99,24,CasualUK,random_user66
7p614y,Nice light in Wales yesterday.,,https://imgur.com/a/BBDls,1515490181.0,259,0.99,35,CasualUK,borez
7p5vzv,"Only the British are capable of such a neat, unmonitored, self run queuing system at bus stops.",,https://i.redd.it/8t4lr7jha0901.jpg,1515488035.0,3713,0.94,374,CasualUK,mrfrosty30
7p5e31,A friend from home just brought this from the UK... How did you guys let this happen?,,https://i.imgur.com/ArL4hkH.jpg,1515480780.0,83,0.93,85,CasualUK,SirMuttley
7p3b9r,Tesco reveals its true colours,,https://i.imgur.com/GcKscH8.jpg,1515459048.0,209,0.98,5,CasualUK,Delahorney
7p200h,"Tonight, during my 20th driving lesson, I clipped the kerb at such an angle that the tyre burst. I was only going 20.","I've never had an incident whilst learning to drive so far, and honestly thought I had the hang of it.

What's worse is that my instructor is meant to be using the car for another student's test at 7am tomorrow. I feel irreparably guilty.

Anyone else got any horrific learning-to-drive stories?",https://www.reddit.com/r/CasualUK/comments/7p200h/tonight_during_my_20th_driving_lesson_i_clipped/,1515447765.0,67,0.95,64,CasualUK,scisteve
7p1vuk,The British Grand Theft Auto,,https://i.redd.it/3iugok2azv801.png,1515446862.0,66,0.85,21,CasualUK,thatfatgamer
7p1h6s,Just found Crack Cocaine in the cupboard,,https://i.redd.it/2l1s0z4jmw801.jpg,1515443708.0,162,0.94,6,CasualUK,EricAdoigaDoiga
7p1354,This sign at Sainsbury's,,https://i.redd.it/p9abk7vidw801.jpg,1515440635.0,224,0.91,32,CasualUK,benfromthewest
7p11ep,Delightful.??,,https://i.redd.it/1l9npwqy8u801.jpg,1515440240.0,134,0.99,7,CasualUK,coliander
7p0h5y,"I have also left some spare tickets to London Euston in this train times leaflet. It requires a railcard, it is right at the top 5 columns down in the leaflet. Hope this helps someone :)",,https://i.redd.it/5kx2k031zv801.jpg,1515435755.0,82,0.92,6,CasualUK,AKB9
7oyfbo,Using an Iceland shopping trolley without putting a quid in.,,https://i.imgur.com/vAHXhL2.jpg,1515417256.0,63,0.93,31,CasualUK,[deleted]
7oy3vt,Drivers - worst / most inconsiderate?,"Oh boy, got some absolute belters from the past to share but one last week really did take the biscuit.

Coming out of a cul-de-sac where my daughter's nursery is situated onto the main road (via a mini roundabout).

There's a Mercedes Jeep on the roundabout with its hazards on...  ""what's this?""  - I think as I cant see any driver or any other cars.... 

Maybe its been stolen and abandoned.... then I clock him. 

Lazy middle aged cunt of a wank, on his way back to the car having stopped on a fucking roundabout to post a letter in the postbox.  A postbox that is not 50 yards from a side street where he could have quite easily parked.

He gives me a wave, I return his wave by mouthing ""what the fuck"" and a look of (hopefully) pure hatred.

What the fuck is wrong with people?

Anyway share your experiences below.  Monday catharsis if you will.",https://www.reddit.com/r/CasualUK/comments/7oy3vt/drivers_worst_most_inconsiderate/,1515413242.0,58,0.96,146,CasualUK,[deleted]
7oy017,Never Forget: The most unfortunate train station that ITV News have ever reported on.,,https://twitter.com/granadareports/status/927601988912721921?ref_src=twcamp%5Eshare%7Ctwsrc%5Eios%7Ctwgr%5Enet.whatsapp.WhatsApp.ShareExtension,1515411752.0,124,0.96,22,CasualUK,Eclipticawolf
7oxs1j,People that do this should be made to shop at a place where all the trollies have wonky wheels!,,https://i.redd.it/1smjytadqt801.jpg,1515408629.0,188,0.97,63,CasualUK,artfulpro
7ou310,"Aldi - ""Like brands. Only cheaper""",[deleted],https://i.redd.it/ctmy19dr6o801.jpg,1515365873.0,96,0.95,53,CasualUK,[deleted]
7otx97,A very British reaction,,https://imgur.com/a3SPqZN,1515364404.0,180,0.97,8,CasualUK,Maphsa
7osku2,Absolutely classic home made caterpillar cake.,[deleted],https://imgur.com/ZSn1XJo,1515352271.0,158,0.98,19,CasualUK,[deleted]
7osho3,Found on r/funny but I feel this belongs here. Applicable to Audi drivers also.,,https://imgur.com/CGRbRvM,1515351478.0,331,0.93,54,CasualUK,1966batmobile
7os4b3,The beautiful British wilderness!,,https://i.redd.it/x6xmgkarqo801.jpg,1515348230.0,284,0.99,26,CasualUK,UsesRedditjust4memes
7orw58,"View over towards Poole, this evening",,https://i.redd.it/23q74eamko801.jpg,1515346211.0,115,0.97,22,CasualUK,ASK_IF_IM_PENGUIN
7ort2c,Beautiful sky this evening looking towards Ireland from Northern Ireland,[deleted],http://i.imgur.com/Qsr1y4Z.jpg,1515345418.0,94,0.98,4,CasualUK,[deleted]
7orjlv,Digestive biscuit fits the top of mug perfectly,,https://i.redd.it/675stx8g9o801.jpg,1515343007.0,90,0.96,31,CasualUK,myrargh
7orc43,Found this rare relic of the past in the back of my cupboard,,https://i.redd.it/jyphj7g55o801.jpg,1515340959.0,222,0.98,10,CasualUK,Thats-Gone
7or6l5,My Malteser Bunny was solid chocolate!,,https://imgur.com/a/q5638,1515339379.0,69,0.96,23,CasualUK,[deleted]
7oqk88,St Matthews Gardens in Cambridge are not for the holy,,https://imgur.com/X7bVF25,1515331854.0,174,0.98,17,CasualUK,everydamnmonth
7oqcwl,What's the weirdest way you've heard someone pronounce a UK place name?,Heard Slough pronounced 'Sloff' by an American woman on the train once. ,https://www.reddit.com/r/CasualUK/comments/7oqcwl/whats_the_weirdest_way_youve_heard_someone/,1515328694.0,98,0.97,202,CasualUK,MellotronSymphony
7oqam7,"Good work, Nando‚Äôs.",,https://i.redd.it/wd5qamza1n801.jpg,1515327567.0,131,0.97,47,CasualUK,theknightwho
7oq7mx,Official: Harry organises national piss up for his wedding weekend. Cheers!,,http://www.bbc.co.uk/news/uk-england-42595480,1515326114.0,1111,0.91,154,CasualUK,Aiken_Drumn
7opzxq,"Took the kids for a walk through the local woods earlier on today, realised we‚Äôve never walked through and not seen one of these.",,https://i.imgur.com/Ckhvdan.jpg,1515322201.0,104,0.98,38,CasualUK,9DAN2
7opz04,Northern Forest: Plan to plant 'ribbon of woodland' across England,,http://www.bbc.co.uk/news/uk-42591494,1515321720.0,79,0.96,23,CasualUK,twogunsalute
7oprjg,What songs did you sing at primary school?,"The ones I remember:

1) He‚Äôs got the whole world in his hands. 
2) Hold on tight and you won 't get any. Lend it, spend it, give it away,
3) Once I thought I‚Äôd like to be a cricketer 
4) Penny Lane 
",https://www.reddit.com/r/CasualUK/comments/7oprjg/what_songs_did_you_sing_at_primary_school/,1515317854.0,180,0.97,309,CasualUK,Sammysamface
7onf59,Great view crossing the Clackmannanshire bridge today,,https://i.redd.it/9eurwr6koj801.jpg,1515286967.0,203,0.99,13,CasualUK,oh_no551
7omou7,Just going to Sainsbury's with a pony,,https://i.redd.it/npb0f3e83j801.jpg,1515279779.0,197,1.0,22,CasualUK,mptorz
7omiv0,"Awesome parking effort, any more for any more?",[image here] (https://imgur.com/1aNDc4j),https://www.reddit.com/r/CasualUK/comments/7omiv0/awesome_parking_effort_any_more_for_any_more/,1515278132.0,65,0.93,24,CasualUK,SpecialCircs
7olnvj,Mother caught me out,"We were watching the women going into the Big Brother House the other day, not something I usually watch but it was on. We were talking about this years housemates, who they are, why they're famous etc when this [Jess Impiazzi](https://keyassets-p2.timeincuk.net/wp/prod/wp-content/uploads/sites/30/2018/01/jess-impiazzi-main-2-630x473.jpg) comes on screen, I told my mother how I recognised her from something, getting some innocent enough Helen Flannigan vibes from her and thought she looked pretty familiar. My mother googles 'Jess Impiazzi' and it turns out that she does/ has done some fairly colourful adult movies in the past. my mum just looks at me and goes ""Recognise her do you?"".

fuck my life  

Also Rachel Johnson is in the house (Boris Johnsons sister) and she looks like the woman from the first Jurassic park movie, i found that amusing",https://www.reddit.com/r/CasualUK/comments/7olnvj/mother_caught_me_out/,1515270125.0,272,0.99,57,CasualUK,eroticdiscourse
7ol1y5,Someone got bored in Tesco,,https://i.redd.it/ftk9oqhtth801.jpg,1515264520.0,122,0.91,12,CasualUK,iNerny
7okbe0,Are we still posting images of awkwardly-placed doors?,,https://imgur.com/uGzXR0S,1515257579.0,127,0.96,13,CasualUK,DemonicAmoeba
7ojkdc,Pawnbrokers sign made me smile...,,https://i.redd.it/n6j27dmglg801.jpg,1515249587.0,168,0.98,4,CasualUK,CrocodileJock
7ojaic,You know what this house is missing? An outwardly opening UPVC door 10 feet above the ground,,https://i.redd.it/led1trm0bg801.jpg,1515246076.0,185,0.98,39,CasualUK,[deleted]
7oj8wk,"Ah, yes! I was top of the world then, top of the world...",,https://i.redd.it/wsecyvj99g801.jpg,1515245484.0,1174,0.97,147,CasualUK,cynicalReddit
7oiuev,Solid number plate,[deleted],https://imgur.com/uwe1GFV,1515239453.0,2815,0.96,76,CasualUK,[deleted]
7oit5d,Countdown's instructions to contestants tell you a lot about their audience,,https://twitter.com/HairyMcFairy/status/949385437327626241,1515238842.0,286,0.99,79,CasualUK,zeldja
7oiq6m,Tesco ran out of the usual brand of bread I buy so tried something different. Didn‚Äôt realise I bought something so thick I‚Äôd need a sledge hammer to squeeze it in my toaster! Index finger for scale.,,https://i.imgur.com/6HpJoJ0.jpg,1515237396.0,72,0.94,37,CasualUK,9DAN2
7oikw3,A bit of casual UK class,,https://www.reddit.com/r/trashy/comments/7ofi3d/uk_trashy/?utm_source=reddit-android,1515234934.0,58,0.89,15,CasualUK,steve_downing1
7oi5hq,Got to say I‚Äôm taking issue with the BBC‚Äôs riddle quiz at the moment,,http://imgur.com/y3swdap,1515227896.0,349,0.98,40,CasualUK,PangolinMandolin
7of4jj,"Its the 5th Jan already, I am getting really concerned....","...I haven‚Äôt seen one advert for a magazine collection, you know the ones where the first one is 99p and the rest are ¬£8 each! 
Usually they start just after Christmas, and run into
The first week or two of January. 

What do I do if I have the urge to get a new cross stitch pattern every week that builds up into a full size space rocket, over 3245 weeks? ",https://www.reddit.com/r/CasualUK/comments/7of4jj/its_the_5th_jan_already_i_am_getting_really/,1515193437.0,55,0.98,25,CasualUK,Variola13
7oervw,Legend,,https://i.redd.it/2hdsew4cpb801.jpg,1515190357.0,229,0.97,21,CasualUK,Jagger67
7oenow,The Polish lad at my work notes down the most important English phrases we teach him,,https://i.redd.it/jpxnode5mb801.png,1515189376.0,3464,0.96,283,CasualUK,urasye
7oeevr,Football with storm Eleanor,,https://m.imgur.com/gallery/pwuwMay,1515187246.0,77,0.97,3,CasualUK,TheCrunchyGroovster
7oecmk,"Good tactic, almost wanted a job there",,https://i.redd.it/wrx6hcxheb801.jpg,1515186713.0,177,0.98,24,CasualUK,awombwithaview
7odkl0,You can kiss my,,https://i.imgur.com/EG6yHj0.jpg,1515180311.0,245,0.98,10,CasualUK,dieyoubastards
7oddak,It‚Äôs not everyday you see this sign in the countryside!,,https://i.redd.it/kkitsjrgqa801.jpg,1515178639.0,169,0.98,26,CasualUK,danklippy
7oclvu,Asking the important questions,,https://i.redd.it/e4c5r0bq7a801.png,1515172349.0,162,0.98,19,CasualUK,newinvts
7oci9i,‚ÄúHow do you take your tea Dave?‚Äù ‚ÄúMixed Race‚Äù,,https://i.redd.it/gt4zxjib5a801.jpg,1515171521.0,115,0.98,19,CasualUK,davidlen
7ochan,I'd like to say a big 'Fuck You' to the big boss at Sainsbury's that decided to not include a fork with their 'On the Go' range of pastas,"You left me to scoop the past into my mouth with a pack of cheesy Doritos that just so happened to be accompanying me on my travels

Scandalous",https://www.reddit.com/r/CasualUK/comments/7ochan/id_like_to_say_a_big_fuck_you_to_the_big_boss_at/,1515171278.0,167,0.98,37,CasualUK,JayDeeIsI
7ocalq,"Accidentally bought too many sausage to eat, can't get a refund so have left a jar in the station on the seats. Expiry date for next week, 12/01!",[deleted],https://i.imgur.com/uzndjDk.png,1515169722.0,554,0.96,28,CasualUK,[deleted]
7obqdb,Another reason to love Harry Hill,,https://i.redd.it/suzg5397l9801.jpg,1515164758.0,1823,0.96,166,CasualUK,Hassaan18
7obf2l,"You can now finally watch ""The End of the F***ing World"" on Netflix Instead of 4OD",,http://www.netflix.com/title/80175722,1515161404.0,70,0.95,34,CasualUK,GregorF92
7oatbr,Fuck all of you cussing spoonies in /r/askreddit,"I actually think spoons' food is nice. Like the 3 for ¬£10 is a steal, burgers are nice too. And who the fuck gets cold food? Send that shit back, it might come back with spit on it, but it'll be hot.",https://www.reddit.com/r/CasualUK/comments/7oatbr/fuck_all_of_you_cussing_spoonies_in_raskreddit/,1515154108.0,80,0.87,91,CasualUK,lewisj489
7oar6a,Deal of the year so far at my local shop,[deleted],http://i.imgur.com/5syh1MW.jpg,1515153314.0,194,0.9,14,CasualUK,[deleted]
7oapuf,"Follow up, my food and drink haul from Italy is home safe!",,https://imgur.com/iwZZSwZ,1515152777.0,145,0.97,30,CasualUK,medianbailey
7oal32,I always make sure I'm wearing these when posting on /r/CasualUK,,https://imgur.com/6OiyAcq,1515150893.0,1144,0.92,62,CasualUK,Junglebreath
7oaksh,üêæTriggeredüêæ,,https://i.redd.it/bobggwajf8801.jpg,1515150768.0,304,0.93,61,CasualUK,theivoryserf
7oaeld,Anyone know where I can buy this terrible jumper? Need multiple for a night out to take piss out of a colleague (in pic).,,https://i.redd.it/0gurxosm78801.jpg,1515148231.0,127,0.93,36,CasualUK,shm209
7oa2q0,"How many, out of 24, can you get on this week‚Äôs quiz? Answers in comments!",,https://imgur.com/a/cprK5,1515143359.0,75,0.91,86,CasualUK,Kerigorrical
7o9nyg,theres this girl at work i have never spoken to,[removed],https://www.reddit.com/r/CasualUK/comments/7o9nyg/theres_this_girl_at_work_i_have_never_spoken_to/,1515137367.0,180,0.97,69,CasualUK,[deleted]
7o8e2d,I asked my (Mexican) wife to compile a list of 10 things she likes from the UK.,[deleted],https://www.reddit.com/r/CasualUK/comments/7o8e2d/i_asked_my_mexican_wife_to_compile_a_list_of_10/,1515122576.0,66,0.94,115,CasualUK,[deleted]
7o5xne,We are bringing Mountain Back!,[deleted],https://i.imgur.com/2fVeXeV.jpg,1515099408.0,87,0.95,19,CasualUK,[deleted]
7o5uye,Lucozade bottle design: 10/10,[deleted],https://i.redd.it/ip4ib8xn44801.jpg,1515098672.0,130,0.95,30,CasualUK,[deleted]
7o5mev,One day after blue bin collection and Amazon pull this shit,,https://i.imgur.com/EZSfGIc.gifv,1515096447.0,192,0.98,41,CasualUK,fastmuffin
7o51fr,British police find some porn,[deleted],https://www.youtube.com/watch?v=YLKOzzRCvLk,1515091244.0,80,0.98,11,CasualUK,[deleted]
7o4wem,Only in the uk do the police troll you on Facebook whilst trying to find you for questioning,[deleted],https://imgur.com/gallery/nfZXN,1515090077.0,124,0.95,72,CasualUK,[deleted]
7o4uqs,"Ask me any question about the UK, then edit the question to make my answer look awful","Idea stolen from... well, everywhere. Basically the aim is to make me look like a tit. I'll answer your original question completely truthfully, then it's over to you.",https://www.reddit.com/r/CasualUK/comments/7o4uqs/ask_me_any_question_about_the_uk_then_edit_the/,1515089732.0,208,0.96,124,CasualUK,TheJeck
7o4g09,What does a thirsty Geordie drink?,,https://i.redd.it/f1kll2cv33801.jpg,1515086288.0,324,0.99,22,CasualUK,olmyster911
7o3s4q,"I see your pigs in blankets, and I raise you pork pies.",[deleted],https://i.redd.it/jy78mhean2801.jpg,1515080731.0,127,0.92,33,CasualUK,[deleted]
7o32at,Found this LPT in the comments of an article on creme eggs: ''New year tip for determined fatties. A Cadburys chocolate finger makes an ideal soldier for a creme egg.'',[deleted],https://www.reddit.com/r/CasualUK/comments/7o32at/found_this_lpt_in_the_comments_of_an_article_on/,1515073745.0,85,0.96,17,CasualUK,[deleted]
7o2xt1,Channel 4 may be bitter over Black Mirror,[deleted],https://i.redd.it/eg229vjby1801.jpg,1515072310.0,274,0.97,82,CasualUK,[deleted]
7o2qpa,These headlines today are very Brasseye,,https://i.redd.it/yai0vgnbr1801.jpg,1515069955.0,192,0.98,45,CasualUK,OnlySaysHaaa
7o2lk9,Irn Bru panic as fans stockpile drink,,http://www.bbc.co.uk/news/uk-scotland-glasgow-west-42565363,1515068046.0,62,0.93,40,CasualUK,[deleted]
7o2cpw,Crumpets are fucking amazing,[deleted],https://www.reddit.com/r/CasualUK/comments/7o2cpw/crumpets_are_fucking_amazing/,1515064627.0,155,0.95,120,CasualUK,[deleted]
7o29pg,"When I turned 18 three years go, I got a tattoo of this National Treasure...",,https://i.redd.it/ag0mgjlj71801.png,1515063504.0,86,0.82,41,CasualUK,IMylo
7o25jm,"Essex, have you seen this dog? Danbury / Lingwood / Blakes Wood / Billericay / Little Baddow area. My friend is besides himself.","Hi guys,

[Kahn](http://www.doglost.co.uk/poster.php?dogId=120939#.Wk3_g9Jl8dU) has been missing since October. My friend is going mad trying to find him now. He hasn't worked a day since the dog went missing, spends his nights camped out looking for him. Spreads his scent over the woods, fields, has search parties, and we're still trying to find this beautiful Houdini of a creature. 

Latest sighting as been in the Danbury and Little Baddow area, and is very recent. 

Keep this in mind when you're out and about, maybe mention it to some friends - someone knows something. 

[You can read more about the plight here](http://www.echo-news.co.uk/news/local_news/15616993.Owner_launches_desperate_search_for_his_missing_dog/).",https://www.reddit.com/r/CasualUK/comments/7o25jm/essex_have_you_seen_this_dog_danbury_lingwood/,1515061829.0,81,0.97,16,CasualUK,corrosiveliquid
7o22t5,Do you think Tesco stocked up enough on Quality Street?,,https://imgur.com/a/2p9Gk,1515060654.0,234,0.98,59,CasualUK,Realmenhatesoup
7o20vv,Just picked up Ed Sheeran's new album (xpost r/funny),,https://i.imgur.com/pPWNYhG.jpg,1515059905.0,397,0.97,48,CasualUK,ye_ma
7o1tp2,The metro will print anything,,https://imgur.com/0PGUAuA,1515056822.0,15499,0.93,219,CasualUK,rachbaer
7o1svj,Shoud... should we be insulted... or?,,https://i.imgur.com/UuB5wr4.jpg,1515056475.0,64,0.92,17,CasualUK,WufflyTime
7nyfvp,"Quest, bringing quality TV shows",,https://i.redd.it/8nl87fv1mx701.jpg,1515019787.0,276,0.99,16,CasualUK,[deleted]
7nwgkq,"This is... Pixel Britain - 8 iconic British scenes, pixel-art style",,https://imgur.com/gallery/a8y9t,1515003283.0,156,0.96,24,CasualUK,evilmusic
7nw6fm,Cream egg slipped through quality control.,,https://i.redd.it/eh76i94w1w701.jpg,1515000884.0,126,0.96,32,CasualUK,mrfrosty30
7nuhlh,This tool from Nottingham Uni shows you how the name of any UK place came about,,http://kepn.nottingham.ac.uk/map/place/,1514984432.0,153,0.95,69,CasualUK,NEWSBOT3
7nu7vm,David Attenborough has said he will finally stop making nature documentaries when he can no longer climb the stairs.,,http://www.telegraph.co.uk/science/2018/01/03/sir-david-attenborough-give-filming-cant-climb-stairs/,1514980969.0,88,0.97,16,CasualUK,[deleted]
7nu2m8,First polar bear born in UK for 25 years,,http://www.bbc.co.uk/news/uk-scotland-highlands-islands-42552468,1514978913.0,91,0.98,17,CasualUK,cragglerock93
7nu2kl,coming home from Italy and im making the most out of it. wish me luck!,,https://imgur.com/SgRe7eq,1514978895.0,89,0.98,32,CasualUK,medianbailey
7ntg3p,Eleanor tried to steal my garden shed,,https://i.redd.it/ku27no8sft701.jpg,1514969331.0,64,0.96,14,CasualUK,FinKM
7ntdnf,Devistating aftermath from storm Eleanor.,,https://i.imgur.com/sQbBC1c.jpg,1514968288.0,380,0.94,36,CasualUK,9DAN2
7nt9ci,Jackpot.,,https://i.redd.it/7ip93u8r7t701.jpg,1514966524.0,7621,0.93,312,CasualUK,AGeary
7nq5m1,This jug looks like a stoned James May...,,https://i.redd.it/734674rvhq701.jpg,1514933610.0,418,0.97,20,CasualUK,Gedj
7np4pa,Owen Wilson pissed me off in films in general - now I can‚Äôt avoid him as he keeps trying to sell me a bloody sofa!!!,,https://www.reddit.com/r/CasualUK/comments/7np4pa/owen_wilson_pissed_me_off_in_films_in_general_now/,1514924923.0,67,0.96,13,CasualUK,theflibster
7nofcq,Man's car breaks after squirrel fills it with hundreds of acorns,,http://www.independent.co.uk/news/uk/home-news/mans-car-breaks-down-after-squirrel-fills-it-with-hundreds-of-acorns-andrew-wilkins-surrey-a8138066.html,1514919102.0,62,0.98,13,CasualUK,sanchopanza
7no29i,Noticing something strange about the party poppers from new years.,,https://i.redd.it/jgwu53fd1p701.jpg,1514915947.0,77,0.94,5,CasualUK,Bristle1010
7nnnkk,Risk,,https://i.imgur.com/yByfGEE.jpg,1514912345.0,489,0.99,39,CasualUK,Halogen108
7nn50o,Opening Bacon,"Out of interest has anybody successfully opened a pack of Bacon from the corner tab?, I try but always resort to cutting it open. ",https://www.reddit.com/r/CasualUK/comments/7nn50o/opening_bacon/,1514907660.0,124,0.94,45,CasualUK,ceaserking
7nmwxv,"Alright mate, no need to brag...",,https://i.imgur.com/roCNi3C.jpg,1514905415.0,1457,0.98,35,CasualUK,Hassaan18
7nmcf9,Bell End residents appeal for new street name,[deleted],https://www.belfasttelegraph.co.uk/news/uk/bell-end-residents-appeal-for-new-street-name-36451654.html,1514898835.0,87,0.97,21,CasualUK,[deleted]
7nm9u5,Had a clear out at work and found the Daily Mail Book of Bungalow Plans from 1959,,https://i.imgur.com/kZsFLmc.jpg,1514897882.0,79,0.96,20,CasualUK,daos
7nm23t,The colonies are at it again,,https://www.reddit.com/r/food/comments/7njg0r/homemade_pigs_in_a_blanket/?utm_source=reddit-android,1514894829.0,202,0.96,77,CasualUK,StardustOasis
7nlyb1,"Cocaine trafficking and its environmental effects, told by a Scottish police officer",,https://gfycat.com/gifs/detail/FearlessMadeupAmericanbobtail,1514893287.0,581,0.98,32,CasualUK,spacecrustaceans
7nlteg,Virgin Trains East Coast's Twitter feed makes for some interesting reading.,,https://www.imgur.com/a/6CJoj,1514891284.0,118,0.99,71,CasualUK,8thoursbehind
7nj4ym,"Sighted in Epsom, England.",,https://i.redd.it/83ia05h2kg701.jpg,1514856184.0,219,0.95,10,CasualUK,Fords1968
7ni999,"Anyone kind of happy to be getting back into a routine? My body is so vegetable deprived that last night at a ¬£55/head NYE dinner, there was fillet steak on the menu, and I picked the stuffed aubergine.",[deleted],https://www.reddit.com/r/CasualUK/comments/7ni999/anyone_kind_of_happy_to_be_getting_back_into_a/,1514847163.0,133,0.97,51,CasualUK,[deleted]
7ni5wh,Early contender for knobhead of the year as Chef boasts about spiking vegan group‚Äôs meal with meat,,http://metro.co.uk/2018/01/01/chef-boasts-spiking-vegan-groups-meal-meat-7195422/,1514846189.0,201,0.96,61,CasualUK,SamCooper07
7nhu4a,"What is Wish, and why is it selling me a penis for my bicycle?",,https://i.redd.it/f2iydkd60j701.png,1514842902.0,59,0.92,19,CasualUK,--dawg
7nhrog,Fucking Badgers!!,,https://www.reddit.com/r/askreddit/comments/7n9q5i/_/ds0ddp9?context=1000,1514842227.0,98,0.96,10,CasualUK,KIAA0319
7ng9mj,Needlessly snarky review of Sarah Lancashire's latest performance,,https://i.redd.it/u0ucbd3iqh701.jpg,1514827541.0,130,0.99,1,CasualUK,richardthesmith
7ng1k6,The drunken chats with complete strangers in Maccies at 3am really are a quintessential British experience,Last night I was talking to some guy about the suits we were wearing and it just made me feel good about being British.,https://www.reddit.com/r/CasualUK/comments/7ng1k6/the_drunken_chats_with_complete_strangers_in/,1514825221.0,76,0.88,10,CasualUK,LordOfFuzz1
7nesxe,Not sure what I did last night but my wife is ‚Äòhate cleaning‚Äô the house so i‚Äôm guessing i‚Äôm in trouble.,[deleted],https://www.reddit.com/r/CasualUK/comments/7nesxe/not_sure_what_i_did_last_night_but_my_wife_is/,1514807605.0,351,0.97,72,CasualUK,[deleted]
7nen2b,Dad's Army of Darkness. Credit: Jim'll Paint It,,https://i.imgur.com/aKnCgMF.jpg,1514804482.0,2203,0.93,89,CasualUK,lapapinton
7ne1xo,New Year's Day breakfast of champions,,https://imgur.com/bfA61sC,1514793307.0,106,0.95,20,CasualUK,ASK_IF_IM_PENGUIN
7ncl3a,My view from work tonight,,https://i.redd.it/357b0jo86d701.jpg,1514772306.0,180,0.97,11,CasualUK,TipsyTippett
7nbyal,Welcome To 2018 UK!,,https://www.reddit.com/r/CasualUK/comments/7nbyal/welcome_to_2018_uk/,1514764937.0,256,0.94,74,CasualUK,Atlntic
7nby8l,Happy new year lads,,https://www.reddit.com/r/CasualUK/comments/7nby8l/happy_new_year_lads/,1514764921.0,55,0.81,6,CasualUK,[deleted]
7nb7ff,Big shout out to those spending NYE alone! Including myself.,You're never alone! Hopefully every year will be better than the last for everyone!,https://www.reddit.com/r/CasualUK/comments/7nb7ff/big_shout_out_to_those_spending_nye_alone/,1514756539.0,101,0.97,12,CasualUK,Blue_Hobbit
7nb5in,David Tennant's reaction to receiving a special recognition award he didn't know he was getting,,https://youtu.be/Li_WIjv53pI,1514755958.0,91,0.98,15,CasualUK,Hassaan18
7nake5,Cheeky,[deleted],https://i.redd.it/5et7srbebb701.jpg,1514749820.0,192,0.99,13,CasualUK,[deleted]
7na0fq,Big &lt;3 to everyone working tonight,[deleted],https://www.reddit.com/r/CasualUK/comments/7na0fq/big_3_to_everyone_working_tonight/,1514744235.0,92,0.97,19,CasualUK,[deleted]
7n9vf2,"Quite proud of myself, I built a train! Anybody else have fun playing with their kids new toys?",,https://i.redd.it/g2rvi43rqa701.jpg,1514742879.0,60,0.99,16,CasualUK,Essexboyz123
7n974x,Anyone else staying in for new years eve?,"I've never been a massive fan of new years as it's always ridiculously overrated but I've generally gone out partying with friends anyway. I'm at work tomorrow at 7.30am with a bit of a commute to drive and to be perfectly honest I would be much happier staying in with pizza and Netflix instead of battling a hangover tomorrow - is anyone else staying in? 

My friends seem genuinely pissed off because apparently everyone has to go out on new years, but I never really get why so much stock is put in one night? I always feel like people are trying to force themselves to have fun",https://www.reddit.com/r/CasualUK/comments/7n974x/anyone_else_staying_in_for_new_years_eve/,1514736076.0,105,0.97,123,CasualUK,[deleted]
7n8hml,How to get a head in life,,https://i.imgur.com/d5SGDRJ.png,1514727268.0,459,0.99,20,CasualUK,fireball_73
7n8ge9,Cracking 'safe place' delivery choice from Amazon...,,https://imgur.com/L4G9foS,1514726766.0,260,0.99,14,CasualUK,TheBombadillo
7n8den,"Decided for ease of taking decorations down next year, I'm just going to use the box in place of the tree.",[deleted],https://i.redd.it/wicd3wr2b9701.jpg,1514725501.0,149,0.99,4,CasualUK,[deleted]
7n8bbi,Casual UK End of Year Awards 2017 - The Results!,"Happy New Year's Eve! I think it's safe to say that we've had a pretty fantastic year here on the internet, and as such we wanted to celebrate a small portion of the 70,000 of you that make our lives as mods ~~hellish~~ such a pleasure.

Without further ado!

___

**Most valued member** - **/u/gavingiant**

**Best comment** - **[/u/europobob's response to /u/iheartmila wondering what to have for tea](https://www.reddit.com/r/CasualUK/comments/79b37d/the_saturday_night_staying_in_thread/dp0jhvy/)**

**Best Photograph** - **[/u/skinner1889 for the Princess Diana memorial in Chesterfield](https://i.redd.it/uha4p3ttjflz.jpg)**

Honourable mention for this quick snap from /u/AlexKF0811 - [Brits in a train station](https://i.imgur.com/sPtLmFnr.jpg)

**Best use of Custom Flair** - **/u/MellotronSymphony ""How long can a custom flair be??????????????????????????????????""**

**Best original content submission** - **/u/kerigorrical for the weekly pub quiz. [Their latest effort, if you are looking for some entertainment this NYE!](https://www.reddit.com/r/CasualUK/comments/7mteht/test_yourself_against_this_pub_quiz_24_points_on/)**

**Best Story** - **Honestly, this one was a no brainer. [Congratulations to /u/HarryGoLocky for letting us know about the worst date that he's ever been on.](https://www.reddit.com/r/CasualUK/comments/5v43b2/what_was_the_worst_date_youve_ever_been_on/ddz3ao7/)** 

A truly toe curlingly excellent story. If you haven't read it, I implore you to, and if you already have read it, it's well worth another look!

___

So there we are! An excellent bunch of winners I believe! 

Please do share your fond memories of /r/CasualUK, the users here and give us a few suggestions for what we can do to keep it all up for next year! We're coming up on our one year anniversary in February as well, and I know /u/whiffers has been practising his stripteasing - so prepare yourselves...

**Have a fantastic New Year's Eve, whatever it is you're doing!**

**All the best for next year!**",https://www.reddit.com/r/CasualUK/comments/7n8bbi/casual_uk_end_of_year_awards_2017_the_results/,1514724552.0,81,0.96,31,CasualUK,jptoc
7n7xd8,I've just had evidence through my letterbox that Christmas is over.,,https://i.imgur.com/VzNv5gv.jpg,1514717307.0,716,0.91,72,CasualUK,HPB
7n7w4m,People that carry money/ loyalty cards in your mouth just before handing it over to a cashier.... how would you feel about me gozzing all over your change?,"Why do so many people do this then give me a dirty look after asking them to swipe their own loyalty card/ pick up the note with a pen. 
The plastic money is the worse, still covered in rabies ridden saliva. ",https://www.reddit.com/r/CasualUK/comments/7n7w4m/people_that_carry_money_loyalty_cards_in_your/,1514716630.0,79,0.89,32,CasualUK,9DAN2
7n4pla,The way my step mother cuts cheese,,https://i.redd.it/a4dewase35701.jpg,1514674491.0,277,0.99,35,CasualUK,creepiestraptor
7n49i6,"On the train at 9.30pm on Saturday the 30th of December and theres a guy, pissed as a fart, demolishing a whole Quiche Lorraine from M&amp;S with his bare hands",,https://www.reddit.com/r/CasualUK/comments/7n49i6/on_the_train_at_930pm_on_saturday_the_30th_of/,1514669958.0,426,0.99,31,CasualUK,PurpleHze101
7n3rzm,Worst Christmas Present Thread,,https://i.redd.it/lm1ehpaza4701.jpg,1514664955.0,169,0.98,129,CasualUK,UncleArthur
7n3lnn,Boxing day summarised in one photo.,,https://i.imgur.com/YzuAruA.jpg,1514663224.0,162,0.89,20,CasualUK,GuruRagamuffin
7n28sv,Old Blighty isn‚Äôt all that bad in an inch of snow. (Scottish Borders).,,https://i.redd.it/7zvr0f8e13701.jpg,1514649616.0,96,0.96,1,CasualUK,TheGruesomeTwosome
7n21dx,Shoutout to the subtitles writer who had to subtitle Romesh Ranganathan's gibberish Tamil.,[deleted],https://i.redd.it/a2kgukvlc2701.jpg,1514647184.0,114,0.96,16,CasualUK,[deleted]
7n20rq,Somebody had to make a difficult choice in Morrisons,,https://i.redd.it/lbeiah2mt2701.jpg,1514646986.0,181,0.98,8,CasualUK,StardustOasis
7n1sr7,Those pillows in the shops are good for something atleast,[deleted],https://imgur.com/kHqRj34,1514644173.0,85,0.93,5,CasualUK,[deleted]
7n1k5p,We had a death in the family,,https://i.redd.it/qi2iy7wya2701.jpg,1514640716.0,106,0.97,9,CasualUK,Doublebow
7n153z,Man gets his penis stuck in ticket barriers at London tube station,[deleted],https://www.youtube.com/watch?v=ZJTt5JZNqL4,1514633726.0,80,0.95,46,CasualUK,[deleted]
7n0yh4,"Put those decorations up, boss. Welcome to Tesco!",,https://i.redd.it/qa7zuicxf1701.png,1514630274.0,326,0.99,17,CasualUK,[deleted]
7n0q8m,Horrifying storm damage,[deleted],https://i.redd.it/hcsure4631701.jpg,1514625985.0,439,0.96,25,CasualUK,[deleted]
7myomv,The one day of snow we got...,,https://i.redd.it/aey2x7h5sy601.jpg,1514598064.0,82,0.97,4,CasualUK,The3rdRight
7mxirf,A nice shot of the Northamptonshire countryside I got the other day.,,https://i.redd.it/xz0z8a9usx601.jpg,1514586269.0,101,0.97,7,CasualUK,adamdarwin
7mwf6i,Mattress for sale (Possibly NSFW).,,https://i.redd.it/c3tu79mfvw601.jpg,1514575620.0,90,0.96,6,CasualUK,MassiveCannon
7mw4l0,I'm not sure that Marmite fully thought this through,,https://i.redd.it/p7ikvcb4pw601.png,1514572859.0,2806,0.95,160,CasualUK,itsbri
7mvxa6,"Doing a poo on the train the other day, only to look up and see this bizarre message directed at me. Why won't Richard Branson let us shit in peace?",,https://i.redd.it/i826yampnu601.jpg,1514570907.0,134,0.99,23,CasualUK,uncleogwambi
7mv21m,"Absolute bargain, was originally ¬£20",,https://i.redd.it/npmevb46vv601.jpg,1514562762.0,122,0.95,28,CasualUK,StardustOasis
7mum1q,I Havnt had snow since i was little so i made the most of it,,https://i.redd.it/ctbwcjcugv601.jpg,1514557942.0,249,0.98,33,CasualUK,Doublebow
7mttif,Matey-bob from JLS is well unimpressed with the weather,,https://i.imgur.com/ZWBGqbP.jpg,1514547008.0,73,0.99,2,CasualUK,loudribs
7mtj8a,"If my husband doesn't get out of hospital in time, we'd like to give away our holiday ‚ùÑÔ∏è","My partner was admitted to hospital last night and I highly doubt he's going to be out in time to take us all on our planned holiday. The company we booked with doesn't offer refunds under any circumstances so if we don't turn up then the place will just sit empty for four days and I'm not having that! 

So if you don't have any serious plans for New Years perhaps you'd like the option of spending four nights in a little cottage in Whitby. You'll most likely need your own car and I won't be able to confirm until tonight so you'll need to be flexible. The booking starts tomorrow the 30th and runs until 4th January. The place itself is small but big enough for two people sharing (or one on the couch), not wheelchair accessible, self catering, and has a log fire, private garden and is a few mins from the beach. 

I hope there's someone out there who is in a position to take advantage of this just in case they won't let my partner out in time or if he's too tired t o drive etc... Please leave me a comment below if you're interested and I'll be in touch to confirm. 

Thanks! 

EDIT: thanks to everyone who got in touch, I have now successfully offloaded my holiday onto a hardworking Redditor from Birmingham. Happy New Year everyone!",https://www.reddit.com/r/CasualUK/comments/7mtj8a/if_my_husband_doesnt_get_out_of_hospital_in_time/,1514542574.0,464,0.97,68,CasualUK,Uk840
7mteht,"Test yourself against this pub quiz, 24 points on general knowledge. Answers in comments!",,https://imgur.com/a/oZwoI,1514540474.0,115,0.95,97,CasualUK,Kerigorrical
7mt2dj,Morning commute up north,,https://imgur.com/fVkx82J,1514535018.0,1560,0.94,33,CasualUK,mrzombie
7mp4pw,Who let these little orangey bois start thinking they were love hearts?,[deleted],https://i.redd.it/bj8r6t5z1q601.jpg,1514492464.0,142,0.92,11,CasualUK,[deleted]
7moke8,Trafford Council Banter,,https://i.redd.it/jzgp2vf4np601.jpg,1514487412.0,137,0.94,19,CasualUK,stoophneontiger
7mo08h,Post your best toilet graffiti. This is The Angel in Durham.,,https://i.imgur.com/Ao4CLq2.jpg,1514482439.0,72,0.94,14,CasualUK,HPB
7mno3f,Familiar sight for anyone else?,,https://i.imgur.com/xro7qFC.jpg,1514479330.0,799,0.97,88,CasualUK,Unspirationaltosspot
7mn809,Beware of shady 'charity' bags,,https://imgur.com/TRJiuCV,1514474999.0,59,0.95,14,CasualUK,JohnnyNobody66
7mmp8i,Not sure what's worse the biodegradable shit or the permanent paint.,,https://imgur.com/fAiyh0z,1514469184.0,76,0.89,11,CasualUK,basilthegay
7mme41,Fuck Hermes Delivery,"Not only did they fail to deliver my parcel to my address, the delivery driver failed to give me a slip and it was signed by someone I don't know. 

I spoke to their customer service chat and they confirmed it was delivered to my address. ASH DOESN'T FUCKING LIVE HERE AND I DON'T KNOW ANY ASH. They then told me they cant proceed with it until I speak to the retailer directly. 

I'm sorry? Your driver failed his most basic and main responsibility and I have to do the chasing up for you?

Fuck you Hermes and enjoy your free pillows, Ash.",https://www.reddit.com/r/CasualUK/comments/7mme41/fuck_hermes_delivery/,1514465073.0,197,0.98,89,CasualUK,[deleted]
7mmawk,Look at this travesty of a Christmas dinner found on my fb feed.,,https://imgur.com/a/gGwAL,1514463871.0,71,0.91,47,CasualUK,Bored_Pigeon
7mm2q5,Co-op has some serious holiday rebound,,https://i.redd.it/cc2hhh1jen601.jpg,1514460352.0,1498,0.96,133,CasualUK,zambambino_
7mlvgq,UK Year In Pictures 2017 (BBC),,http://www.bbc.co.uk/news/in-pictures-42251911,1514457103.0,53,0.89,7,CasualUK,knightcastle
7mlqxe,I‚Äôve just discovered Lego Masters on Channel 4,This is brilliant! I never knew I needed Bake-off but with Lego in my life. ,https://www.reddit.com/r/CasualUK/comments/7mlqxe/ive_just_discovered_lego_masters_on_channel_4/,1514455069.0,76,0.98,24,CasualUK,britishchris
7mju1l,Drivers cooperated to make this ice forest near Biggar [OC],,https://i.redd.it/3afds97wtk601.jpg,1514429439.0,125,1.0,1,CasualUK,alienisbeautiful
7mgbsv,/r/food has tried cooking Yorkshire puddings again,,https://www.reddit.com/r/food/comments/7mcf7c/_/,1514395220.0,388,0.99,137,CasualUK,IamTheJord
7mfuvt,This is the most British thing I‚Äôve ever seen,,https://i.redd.it/qv002e1snh601.jpg,1514390776.0,859,0.97,110,CasualUK,NAJIDASH13
7mfgqd,And it's Easter,,https://i.redd.it/z6479shmbh601.jpg,1514386714.0,379,0.98,32,CasualUK,stephenhlane
7mev1x,I'll tell you who can fuck off... companies who dismiss all responsibility after your order goes missing once out for delivery.,"I didn't take out a contract with the deliverers. I took out a contract with you. YOU should be the ones to track where my parcel is, not me. Don't palm me off with 'you'll have to contact them.. not our problem any more'. 

Happy Christmas everyone.",https://www.reddit.com/r/CasualUK/comments/7mev1x/ill_tell_you_who_can_fuck_off_companies_who/,1514379333.0,239,0.97,67,CasualUK,Traffodil
7melt0,Spotted this dragon hedge in the Peak District üêâ,,https://i.redd.it/q63nb25peg601.jpg,1514375617.0,98,0.95,4,CasualUK,Santero
7meke5,Denny's Diner just opened their first European branch in Swansea today,[deleted],https://i.imgur.com/TtolfGN.jpg,1514374978.0,82,0.91,72,CasualUK,[deleted]
7mea87,I'm still visiting New Zealand. I still have no idea what is going on with Heinz over here but now I'm pasta point of caring,,https://i.redd.it/314mxv2bzf601.jpg,1514370442.0,229,0.94,15,CasualUK,oxwearingsocks
7mdxvu,"Few words spark as much fear in the hearts of men and women alike as the dreaded ""Replacement Bus Service""",Good luck to weary commuters everywhere this morning!,https://www.reddit.com/r/CasualUK/comments/7mdxvu/few_words_spark_as_much_fear_in_the_hearts_of_men/,1514364911.0,2256,0.93,148,CasualUK,CouldBeTheGreatest
7mdao4,It's snowing! The trains are going to be fucked...,,https://i.redd.it/w5bw7dtope601.jpg,1514355100.0,161,0.96,50,CasualUK,FidgetBoy
7mbs2c,Mad balancing skillz - who remembers these?,,https://i.redd.it/w1di79x88d601.jpg,1514337125.0,192,0.95,14,CasualUK,[deleted]
7maxo9,Santa getting his priorities right,,https://i.redd.it/6rnldm93ic601.jpg,1514328329.0,291,0.96,13,CasualUK,RealitysAtombin
7maw1d,Spotted some old school graffiti on my way to work this morning.,,https://i.redd.it/hpf00ttmgc601.jpg,1514327843.0,80,0.94,5,CasualUK,ArrrghZombies
7mapg5,So what crazy tat did your parents add to their house this year?,,https://i.imgur.com/3U2D9BY.jpg,1514326066.0,251,0.97,21,CasualUK,redonculous
7mae5b,Big fat quiz of the year is on!,Time to catch up on all of the year's news I missed. Think I've had enough of big nasty already though...,https://www.reddit.com/r/CasualUK/comments/7mae5b/big_fat_quiz_of_the_year_is_on/,1514322969.0,78,0.93,96,CasualUK,sideone
7ma45d,"Mums every Christmas: ""Red or White?""",,https://i.redd.it/oxjjlegytb601.jpg,1514320220.0,497,0.96,35,CasualUK,Elyssian
7m9fly,"If every subscriber to this sub spent 7.50, we could buy our very own reddit community pub.",,https://i.redd.it/teqafh8z9b601.png,1514313505.0,406,0.97,81,CasualUK,Newtotheseparts
7m9ffy,I think I might like the boxing day bubble and squeak more than the Christmas dinner itself,,https://i.imgur.com/ygRGd8J.jpg,1514313452.0,80,0.95,16,CasualUK,PM_ME_CAT_TOES
7m8w4d,"The ""trivia"" question in yesterday's cracker was an absolute failure in all respects.",[deleted],https://i.redd.it/0yuhbi6tta601.jpg,1514308107.0,114,0.98,15,CasualUK,[deleted]
7m8odc,Barmy Army's response to Security telling someone to put their shoes on,,https://youtu.be/8FbTxXNwhC4,1514305927.0,77,0.92,3,CasualUK,JohnMac76
7m7p6w,Kids are so ungrateful at Christmas!,,https://imgur.com/a/ykYnF,1514294036.0,191,0.96,9,CasualUK,god_sidge
7m7512,Father Christmas left a nice gift for the Discovery Museum in Newcastle,,https://i.imgur.com/cOHChu9.jpg,1514284917.0,332,0.98,17,CasualUK,Jimmyjamjames
7m6ygp,Anyone else's scales malfunctioning after Christmas?,,https://www.reddit.com/r/CasualUK/comments/7m6ygp/anyone_elses_scales_malfunctioning_after_christmas/,1514281686.0,65,0.92,12,CasualUK,benbread
7m4oys,"This December has really shown me what us brits are truly like. From the sharing of Train tickets, to offering food on Just Eat to those less fortunate than ourselves. Top work Lads.",,https://www.reddit.com/r/CasualUK/comments/7m4oys/this_december_has_really_shown_me_what_us_brits/,1514249445.0,145,0.95,23,CasualUK,TriRedux
7m2kq8,The Big Fat Quiz of 2017 is on tomorrow night.,"I thought it was a few days later, but I just checked and it's apparently tomorrow.

Apparently there's going to be another *of Everything* at some point in the new year too. ",https://www.reddit.com/r/CasualUK/comments/7m2kq8/the_big_fat_quiz_of_2017_is_on_tomorrow_night/,1514224279.0,75,0.96,18,CasualUK,butler1233
7m2i4s,"If you are alone on Christmas and wanting a holiday cheer, look inside.","Merry Christmas to all.

Inspired by the [thread](https://www.reddit.com/r/australia/comments/7lzbk7/anyone_having_a_shit_christmas_and_could_use_some/) over at /r/australia I am doing a similar giveaway.

If you are home alone and having a shitty day, I hope a pizza, a curry or a Chinese might make it better.

I am doing a giveaway of 10 meals upto ¬£10 each.  

The following are the rules of the giveaway, which has been blatantly ripped off from the other thread:

* Your Reddit account must be at least 90 days old with at least 400 comment karma, and your post history must show evidence of productive participation with Reddit in general
* No witch hunts or doxxing or intense scrutiny of participants; if someone scams a free meal it isn't the end of the world
* Please don't PM me, keep things confined to this thread
* **Just Eat** only. I repeat again **Just Eat** only. Go to [just-eat.co.uk](https://www.just-eat.co.uk), enter your postcode and check if there are any places open before you post. Pick a place and decide what you want to have for dinner. Please try and keep it within ¬£10, though if it goes a bit (max +¬£3) above the limit it is fine.
* If you're making a request, create a top-level comment starting with the word ""REQUEST"" in bold (like this: **REQUEST**), followed by a blank line, then what food you're after and the fulfilment method (i.e, pickup or delivery), followed by another blank line, then whatever other context you want to provide. Don't overdo it, but don't underdo it either.
* If you're in a position to pick up, even if it's a little bit out of your way, please try and do that so.

I think that is everything,

EDIT 1: One down, 9 more to go.",https://www.reddit.com/r/CasualUK/comments/7m2i4s/if_you_are_alone_on_christmas_and_wanting_a/,1514223446.0,357,0.97,29,CasualUK,[deleted]
7m2hbk,Tomasz Schafernaker is looking dapper for Christmas - nice bowtie,,https://i.redd.it/0afr4lc9t3601.png,1514223178.0,98,0.98,23,CasualUK,cragglerock93
7m2go7,Christmas Dinner for the Homeless at London Euston ‚ù§Ô∏è,,https://i.redd.it/00llozzrs3601.jpg,1514222964.0,829,0.98,18,CasualUK,Jordanbvb09
7m2g80,"Tried forcing a poo to clear some room, post Christmas Lunch, ended up vomiting up my breakfast. How's everyone elses Christmas going?",[deleted],https://www.reddit.com/r/CasualUK/comments/7m2g80/tried_forcing_a_poo_to_clear_some_room_post/,1514222824.0,155,0.99,19,CasualUK,[deleted]
7m2f8z,Someone let my dad decorate,,https://i.imgur.com/fd4PzYC.jpg,1514222521.0,74,0.97,3,CasualUK,Jaqosaurus
7m2eud,It‚Äôs no Lynx gift set...,[deleted],https://i.imgur.com/sIZSCUX.jpg,1514222386.0,201,0.98,25,CasualUK,[deleted]
7m2c9p,"On our first date she told me about The strange tale of the Crack Fox, it has been a inside joke between us since then, today I got the coolest Christmas card ever",,https://i.redd.it/los9bs8no3601.jpg,1514221574.0,61,0.96,9,CasualUK,BrunoZub
7m2akp,I love Christmas,,https://i.imgur.com/ejR7fFK.jpg,1514221073.0,382,0.98,17,CasualUK,belchaboy
7m29ly,"Merry Christmas to NHS staff, care workers and various other public servants working today. Your efforts are greatly appreciated and keep this country running. Feed the world!",,https://www.reddit.com/r/CasualUK/comments/7m29ly/merry_christmas_to_nhs_staff_care_workers_and/,1514220761.0,474,0.97,24,CasualUK,[deleted]
7m20sn,Ever Hopeful,,https://i.imgur.com/bJuz46o.jpg,1514217814.0,104,0.99,15,CasualUK,MrCMcK
7m1yi9,"Got Dad a Record Player for Xmas, he's reliving his dj days from the 90s.",,https://v.redd.it/y05lrfs1b3601,1514217069.0,85,0.96,10,CasualUK,daniel-rhys
7m1uf7,Still gotta go to my dad's tomorrow and he will inevitably get me one.,,https://imgur.com/6VEcpPs,1514215568.0,256,0.99,30,CasualUK,Avlix
7m1tcq,Christmas is his favourite time of year.,,https://i.imgur.com/32SHMXu.jpg,1514215171.0,109,0.95,5,CasualUK,[deleted]
7m1jv6,"Tomorow, Michael Buble will vanish for another year. 10 hours left to brave and it'll be all over.",,https://www.reddit.com/r/CasualUK/comments/7m1jv6/tomorow_michael_buble_will_vanish_for_another/,1514211555.0,127,0.98,15,CasualUK,JamieA350
7m1jr3,Mother dug these out for Christmas dinner,,https://i.redd.it/1lddzb1pu2601.jpg,1514211505.0,279,0.99,6,CasualUK,buzzbuzz312
7m1dto,"You're a Wizzard, Harry.",,https://i.redd.it/bj808xwnvy501.png,1514209016.0,63,0.96,1,CasualUK,CandidEnigma
7m18fe,Shout out to all those over 30 whose parents still get them Beano annuals for Christmas.,,https://i.redd.it/k8ttxw5vf2601.jpg,1514206513.0,70,0.98,18,CasualUK,hunter9
7m11ff,The TV licence explainer graphic - when do you actually need one? (Dec 2017),,https://i.imgur.com/VVcw10t.png,1514202821.0,99,0.94,43,CasualUK,[deleted]
7m10oo,I had a Fray Bentos pie for breakfast and have just eaten an entire selection box,Christmas is mental. Anyone else just throw all order out the window on Christmas Day and do literally whatever the fuck they want?,https://www.reddit.com/r/CasualUK/comments/7m10oo/i_had_a_fray_bentos_pie_for_breakfast_and_have/,1514202404.0,56,0.95,10,CasualUK,[deleted]
7m0z8r,where the flippity flip is my finger of fudge??? what the hell is this oreo monstrosity??!,,https://i.redd.it/6ziwq25712601.jpg,1514201580.0,138,0.95,36,CasualUK,prisonerofazkabants
7m0uff,"As there was a request for ducks, here‚Äôs one from a few years ago",,https://i.redd.it/ck24amobt1601.jpg,1514198938.0,168,0.98,2,CasualUK,flyhmstr
7m0uao,"Who's had their first Christmas family argument already, and what was it about?",,https://www.reddit.com/r/CasualUK/comments/7m0uao/whos_had_their_first_christmas_family_argument/,1514198841.0,93,1.0,104,CasualUK,MrMagicMoves
7m0smx,"Come on chaps, report in!",,https://i.imgur.com/wC1mQ4l.jpg,1514197853.0,426,0.99,88,CasualUK,MistoFisto
7m0muc,"Give me Jesus, not a snowman.",,https://imgur.com/VDIRILK,1514194610.0,77,0.95,24,CasualUK,[deleted]
7m0ald,MODS ARE SPENDING TIME WITH THEIR FAMILIES. POST DUCKS.,,https://i.redd.it/0szag86iw0601.jpg,1514187925.0,14840,0.91,173,CasualUK,AGeary
7m01t0,Anyone else looking forward to a nice lie in but forget to turn off their alarms for work?,"I even went to the effort of setting a later alarm so it wasn't too much of a lie in, my brain just didn't register that today was a weekday and to turn off the 6:15 one. FFS.",https://www.reddit.com/r/CasualUK/comments/7m01t0/anyone_else_looking_forward_to_a_nice_lie_in_but/,1514183634.0,128,0.97,31,CasualUK,Jaqosaurus
7lyoki,Massive shout out to anyone who has to work Christmas day.,"Was hoping to have our first Christmas with the girl but unfortunately she drew the short straw in her hospital and she's working Christmas day and boxing day. 
 
Just wanted to acknowledge anyone who has to work, whether that's a hospital gig, emergency services, military or if you're pulling pints. I hope you get to celebrate with your loved ones asap!",https://www.reddit.com/r/CasualUK/comments/7lyoki/massive_shout_out_to_anyone_who_has_to_work/,1514164042.0,165,0.99,30,CasualUK,[deleted]
7lye9j,Santa has missed the UK...,,https://i.imgur.com/yxJ1J3r.jpg,1514160308.0,228,0.98,43,CasualUK,kumquat_may
7lye01,Merry Christmas lads,Have a good one and a happy new year :) ,https://www.reddit.com/r/CasualUK/comments/7lye01/merry_christmas_lads/,1514160212.0,267,0.97,40,CasualUK,Rojav
7lydj0,It's officially Christmas!,[deleted],https://www.reddit.com/r/CasualUK/comments/7lydj0/its_officially_christmas/,1514160047.0,69,0.94,23,CasualUK,[deleted]
7ly9ag,"Just got home to find all my windows broken, door smashed in, entire contents removed",What kind of monster would do that to an advent calendar?,https://www.reddit.com/r/CasualUK/comments/7ly9ag/just_got_home_to_find_all_my_windows_broken_door/,1514158567.0,244,0.95,16,CasualUK,TheAkondOfSwat
7ly6px,Next station will be...,,https://i.redd.it/nvmqfy1ney501.jpg,1514157672.0,118,0.98,6,CasualUK,Headtenant
7lxjgn,Merry Christmas to you all,"I've lurked on here for ages, but to be honest I'm a few drinks deep and hope you are as well.",https://www.reddit.com/r/CasualUK/comments/7lxjgn/merry_christmas_to_you_all/,1514150140.0,214,0.97,100,CasualUK,SenorHedgehog
7lwt2h,Instantly regretted drunk mistakes,"Thought I‚Äôd share this as this happened more or less a year ago.




So I‚Äôd been out on the piss as you do because it‚Äôs Christmas (wheyyeyeye lads lads lads). On the way home I stop off at a 24 hour Subway which is inside a Spar. Get a load of grub and 4 cans and then remortgage the house to pay for a taxi home. When it‚Äôs cold, I like to put my drinks on the window ledge to keep them nice and cold, so I line them up on there and start watching a film on my laptop. 



So, I‚Äôve finished the first one and then get up to retrieve another. Outside my window there‚Äôs another sloping roof down to the conservatory roof, which isn‚Äôt flat it‚Äôs‚Ä¶ roof shaped. Basically, I knock two off them off somehow and they slide down the roof landing in the gutter between the two roofs. Now when I was younger I‚Äôd often boot a football onto the roof and get it stuck in the same space. To get it back we‚Äôd just climb out the window and shuffle down the roof on our ass and shuffle back up. Easy I thought. Done in two minutes. So, I climb up on to the ledge and stick my feet out thinking ‚ÄòDon‚Äôt worry lads, no man left behind‚Äô. I‚Äôd like to point out I‚Äôm in only underwear as I‚Äôd been watching whatever film it was in bed. So, I commence my shuffle downwards.


Well who‚Äôd of thought on one the coldest nights of that winter so far, the roof was slippery and icy. I slide down this muddy slippery slope of regret and bad decisions on my arse in my pants. I land in a thud at the bottom. By some miracle I didn‚Äôt go straight through the conservatory roof. I remember thinking clear as a day ‚ÄòAh shitttt, I‚Äôve fucked up here.‚Äô Obviously I try to climb back up. Slip back down. On my side. Slip back down. On my back. Slip back down. It aint happening. At this point, I‚Äôm no longer feeling pleasantly drunk. I‚Äôm feeling fucking cold and I‚Äôm bleeding. I shuffle over to the side of the roof and try and pull myself up the side. Slide straight back down. I keep trying this as it‚Äôs the most successful so far. At the top of this bit there‚Äôs another window in an unused room, so I‚Äôm hoping I can grab the ledge of that and pull myself to safety.  I got so close. So close. One more pull away, before I lost my grip and slid back down. I‚Äôm screwed. 

I estimate that I‚Äôve been out here for at least an hour at this point. My brother came home for Christmas that night and his window is slightly open (he‚Äôs in the loft). So not wishing to alarm anyone other than him, I start to whistle. Gently louder and louder. Eventually he heard me.  Obviously, he asks the usual questions ‚ÄúWhat the fuck are you doing out there?‚Äù ‚ÄúHow the fuck did you get out there?‚Äù ‚ÄúHave you got Dad‚Äôs Christmas present yet?‚Äù


He comes down to my window and throws me a line, pulling me to safety. Now in the light, I can see the damage. I‚Äôm covered head to toe in mud and years of roof slime. My chest, hands, legs and arms are shredded like I‚Äôve just been put through a cheese grater. I retreat downstairs for a shower thanking my brother and reminding him not to tell Mum or Dad. For weeks after I was in constant pain from the numerous cuts. Merry fucking Christmas dumbass. 



So I‚Äôm sure we‚Äôve all got good stories. Let‚Äôs hear ‚Äòem and celebrate Christmas with regret and cringe. 
",https://www.reddit.com/r/CasualUK/comments/7lwt2h/instantly_regretted_drunk_mistakes/,1514141945.0,69,0.94,22,CasualUK,CaptRamius
7lwp7m,Merry Christmas to all!,,https://imgur.com/rZHgxuY,1514140741.0,67,0.96,12,CasualUK,suexo
7lwile,"Christmas gammon, done in cherry cola and finished with a treacle glaze.",,https://i.redd.it/ootee8q2uw501.jpg,1514138765.0,57,0.94,15,CasualUK,jonewer
7lw33d,"Pulled a luxury cracker, it didn't have a hat inside. Discuss.",,https://www.reddit.com/r/CasualUK/comments/7lw33d/pulled_a_luxury_cracker_it_didnt_have_a_hat/,1514134221.0,97,0.98,44,CasualUK,TheScatha
7lvzdn,One of the sole reasons I visit Costco sometimes.,,https://i.redd.it/lih3oy1kdw501.jpg,1514133095.0,67,0.97,23,CasualUK,[deleted]
7lvwrv,boxing day,,https://i.redd.it/zsxllcz5bw501.jpg,1514132289.0,860,0.98,82,CasualUK,spookybandit
7lvwlv,A nice relaxing walk on Christmas eve,,https://i.redd.it/s0ym3dqxaw501.jpg,1514132232.0,53,0.9,17,CasualUK,danmingothemandingo
7lvt6k,The difference between Christmas here and Christmas in America.,[removed],https://www.reddit.com/r/CasualUK/comments/7lvt6k/the_difference_between_christmas_here_and/,1514131126.0,72,0.94,40,CasualUK,CptDobby
7lvaa7,Viz on point.,,https://i.imgur.com/CAqjLT9.jpg,1514124374.0,2772,0.96,57,CasualUK,albo_underhill
7lv2tm,Car park twats,"Did some food shopping at m&amp;s last night, was in the car park in the middle of reversing my car into a space which takes what all of 20 seconds.. when a Audi tries to go behind me, they can‚Äôt fit past so the couple in the car sit there looking pissed off, as if to say I should stop parking my car and let them past. I reverse in and they then drive off and stick their middle fingers up at me.. 

Happy Christmas!! Hahaha 
",https://www.reddit.com/r/CasualUK/comments/7lv2tm/car_park_twats/,1514121246.0,59,0.97,20,CasualUK,[deleted]
7luy8b,Breaking out the good stuff for Christmas.,[deleted],https://i.redd.it/uub2osty7v501.jpg,1514119113.0,87,0.91,27,CasualUK,[deleted]
7luqpz,Solid,,https://i.redd.it/ijmgpqjawu501.jpg,1514115182.0,277,0.98,25,CasualUK,electricrailway
7lupu9,Christmas Day Facebook Status Bingo,,https://imgur.com/4LhbyLd,1514114660.0,301,0.98,41,CasualUK,loosefred
7luh56,A heads up: Galaxy bars in this years Celebrations boxes are fucking rank,"[Apparently the chocolate is coming from another factory](https://twitter.com/UKCelebrations/status/944275620401426432)

You have been warned",https://www.reddit.com/r/CasualUK/comments/7luh56/a_heads_up_galaxy_bars_in_this_years_celebrations/,1514109848.0,73,0.94,34,CasualUK,_rickjames
7luh4x,"Tesco reduced their spuds, parsnips, carrots, sprouts and cauliflowers to 10p last night, making the Christmas dinner veg less than ¬£1 this year - someone‚Äôs excited!",,https://i.redd.it/vzc8fm2dgu501.jpg,1514109846.0,483,0.98,67,CasualUK,electricrailway
7ludtu,A lovely Christmassy advert at the service station,,https://imgur.com/OxvAY8O,1514108152.0,165,0.96,22,CasualUK,TheBombadillo
7lu3tx,Just great.,[deleted],https://i.redd.it/ugt5uedvvt501.jpg,1514102936.0,120,0.91,14,CasualUK,[deleted]
7lsvln,"I played some Snooker against ""some old guy"".","So I'm at the Working Men's Club that I usually watch the football at and play snooker with my friends, until a very, very old guy comes in. You know the type... shirt, tie, beret, etc. Now we're not great at Snooker, but he sits and watches us, commentating on our shots saying that he ""would've had that"" and stuff.

We finished our game and he challenged us to a game of Snooker. My 2 mates didn't seem interested, ""oh, it's just some old guy"", but I was up for it. I thought ""fucking hell, 'some old guy' wanting a game of Snooker against me. He's got to be professional"",  I'd give him a game.

He took the break, and missed everything. I let him re-break, he missed everything.

That's when I knew.

He didn't want to play Snooker to beat ""some young whipper snapper"". He wanted to play Snooker for the interaction.

He had many, **many** stories about the war. He had many stories about where he was stationed, and about what he did. He seemed to have a **lot** of respect for the Queen, and how he ""fought for her"".

Anyway, he wasn't great at Snooker... like... at all... He missed very easy shots, and he was singing very old songs. But he fucking loved it.

I ""over calculated"" a shot or two and he was thrilled he won. But it **REALLY** hit home how's there's a lot of guys out there who gave life and limb for this country who don't have friends or family to spend Christmas with.

Maybe just ask how they are or how their day has been, maybe give them a hand with their shopping or ask them if they want taking anywhere. Without these guys we certainly wouldn't be where we are today.",https://www.reddit.com/r/CasualUK/comments/7lsvln/i_played_some_snooker_against_some_old_guy/,1514084731.0,625,0.99,35,CasualUK,lukejames1111
7lscop,Every. Single. Time,,https://i.redd.it/tso8qbkqtr501.jpg,1514078002.0,101,0.96,5,CasualUK,PirateSafarrrri
7lrylg,Generic Graduate starter pack,,https://i.redd.it/cb6s9jn5gr501.png,1514073438.0,128,0.96,81,CasualUK,benjaminiscariot
7lr5x9,To absent friends üòû,,https://i.redd.it/tcog5gifpq501.jpg,1514064447.0,5406,0.97,86,CasualUK,ninja_courier
7lq2yt,"Happy Christmas (I realise that a few of you have it rough at the moment and for that I'm truly sorry, notwithstanding I still wish you well despite how you might be feeling toward Christmas right now)","Before it gets too busy and you all start rushing around getting everything ready and preparing for the big day I just want to say my family wishes yours a safe, happy, healthy, fun Christmas and all the best for the coming year.",https://www.reddit.com/r/CasualUK/comments/7lq2yt/happy_christmas_i_realise_that_a_few_of_you_have/,1514052978.0,55,0.92,8,CasualUK,disco54
7lq16w,Channel 4 Gogglebox star Leon Bernicoff dies aged 83 - BBC News,,http://www.bbc.co.uk/news/entertainment-arts-42466801,1514052486.0,228,0.94,36,CasualUK,tman612
7lptm8,2017 in a nutshell,,https://i.redd.it/k0fpvl2djp501.jpg,1514050312.0,167,0.96,15,CasualUK,lewisflude
7lpdqq,Spectacular Sky in Newcastle at Half Time.,,https://i.imgur.com/flcJTbS.jpg,1514045576.0,102,0.96,19,CasualUK,HPB
7lozm4,Police ramp up Drink Driving checks this year.,[deleted],https://www.reddit.com/r/CasualUK/comments/7lozm4/police_ramp_up_drink_driving_checks_this_year/,1514040901.0,1447,0.97,101,CasualUK,[deleted]
7loyyn,Someone mentioned a giant Toblerone in the black Friday sales. I bought it for my dad for Xmas. He loved it. Thanks stranger for the link!,,https://i.imgur.com/rEKFAge.jpg,1514040654.0,232,0.96,56,CasualUK,TheAmazingSausage
7loth2,"When I come to power, parking like this will be punishable by death.",,https://imgur.com/x1kLipf,1514038580.0,154,0.96,60,CasualUK,funkyjim
7loqv3,I'm currently standing in the train connector for a 2 and a half hour journey because there is neither any seating or standing room. Merry Christmas everyone!,[deleted],https://i.redd.it/52536d3gho501.jpg,1514037624.0,160,0.98,26,CasualUK,[deleted]
7lonem,Always dream big.,,https://i.redd.it/ceh7vt5fdo501.jpg,1514036210.0,558,0.98,34,CasualUK,idlewildgirl
7loixr,What a shitty christmas,"Literally the worst of the 27 years ive been having Christmases. My 4 year relationship is almost in the trash, my grandad died this morning, I lost my job, ive had stupid thoughts and I just want to stop hurting.

1st Christmas living with my partner and it's the worst one. 

Fuck you üéÖ you fat prick. I hope you get stuck in a chimney and die. Stop eating everyone's mice piss and milk you God damn criminal breaking into people's houses. 

I wish all you merry fucks a great Christmas :)

/rant",https://www.reddit.com/r/CasualUK/comments/7loixr/what_a_shitty_christmas/,1514034269.0,103,0.89,42,CasualUK,TheRealEnglishGamer
7lod0m,Man dies of boredom after chance meeting with vegan who does CrossFit - The Rochdale Herald,[deleted],https://rochdaleherald.co.uk/2017/12/21/man-dies-boredom-chance-meeting-vegan-crossfit/,1514031562.0,137,0.89,45,CasualUK,[deleted]
7lo9zn,"The last photo of my wife was so incredible, BBC News wrote an article about it!",,https://imgur.com/NQM4Xmq,1514030145.0,166,0.83,7,CasualUK,mykeuk
7lo6ib,"Merry Christma, from Poundland",,https://imgur.com/3EHWF3V,1514028334.0,83,0.95,7,CasualUK,fireball_73
7lnzel,"I made a Christmas dinner timetable maker: enter your meat weights, select your veg, then it'll tell you when to do everything",,http://mscroggs.co.uk/christmas,1514024701.0,86,0.95,28,CasualUK,mscroggs
7lnu33,I AM OFFICIAL!,"I just got confirmation that my visa has been approved after waiting since FEBRUARY!!! 

THIS IS THE BEST CHRISTMAS PRESENT EVER!!! 


Sorry, I'm just excited! This has been the most ridiculous wait ever, and now I get to surprise my husband with this for Christmas and we can plan our honeymoon finally!",https://www.reddit.com/r/CasualUK/comments/7lnu33/i_am_official/,1514021939.0,960,0.87,227,CasualUK,KumaLumaJuma
7lnpzs,"Right boys and girls, I'm doing my first motorway drive since passing my test in about 3 hours. Any last minute tips or advice?",,https://www.reddit.com/r/CasualUK/comments/7lnpzs/right_boys_and_girls_im_doing_my_first_motorway/,1514019831.0,72,0.96,110,CasualUK,PhoneySoprano
7ljy50,Football has changed,,http://imgur.com/bVEM1Ua,1513973640.0,208,0.97,22,CasualUK,Nerdikki
7ljo56,This BuzzFeed list ranking Christmas food is an absolute abomination,,https://i.redd.it/c4gust0pzi501.jpg,1513971047.0,64,0.83,84,CasualUK,jamokachi
7lj8bk,My mum's dog went missing on December 4th...,,https://imgur.com/a/nMngX,1513966951.0,52,0.89,13,CasualUK,r3dtheninja
7lj5bz,I'm not sure the RSPCA thought that one through.,,https://i.redd.it/yw5juulski501.jpg,1513966218.0,314,0.99,21,CasualUK,[deleted]
7lhv03,"Advertisers, fuck off with the infantalised ukulele tunes.","I'm almost fucking 40, not in kindergarten.  Stop patronising me.",https://www.reddit.com/r/CasualUK/comments/7lhv03/advertisers_fuck_off_with_the_infantalised/,1513954196.0,162,0.95,72,CasualUK,[deleted]
7lh1r3,An short letter to CasualUK,"Dear all, 

I really like this subreddit. I know that's not the fanciest way of putting it but its true. 

There is a such a good vibe to this subreddit, great banter and genuine care for fellow members. 

It's been a difficult year for me to stay proud of our country and its people, but here you guys are as a little beacon of proper civilisation (yes even the northerners) and regardless of political opinion there is fun and laughs to be had here.

I hope you all have a good christmas and if someone could leave me a train ticket somewhere that would be great.

Many Thanks,

Theodoxx",https://www.reddit.com/r/CasualUK/comments/7lh1r3/an_short_letter_to_casualuk/,1513944473.0,341,0.96,67,CasualUK,Theodoxx
7lgxa7,Last day at work shenanigans. The unholy creation.,[deleted],https://imgur.com/gallery/84KIm,1513942675.0,151,0.94,39,CasualUK,[deleted]
7lgwtu,Thoughts on Poundland's controversial tweets?,"One of the tweets in question: https://twitter.com/Poundland/status/943896555903385600

I'm not a SJW or anything and I'm not offended like some others. I think the main question is... Why? I know it's marketing but it's a bit weird no?",https://www.reddit.com/r/CasualUK/comments/7lgwtu/thoughts_on_poundlands_controversial_tweets/,1513942466.0,57,0.92,84,CasualUK,lewisj489
7lgluk,A company in England accidentally sent letters to its wealthy customers with the title 'Dear Rich Bastard'. One customer complaint about not receiving the letter although he's wealthy enough.,,https://www.snopes.com/business/consumer/bastard.asp,1513937787.0,50,0.93,3,CasualUK,[deleted]
7lgj1m,I became a dad!!!!! I am so chuffed!!!,"Sorry but I am super happy, and I just wanted to share the happiness!!!

Baby_sidge was born at 6:14am Thursday at a lightweight 9lb 6oz.

Baby_sidge and SO_sidge are doing fabulous, and I am dead proud of both of them!

Anyways, hope you have an excellent day!",https://www.reddit.com/r/CasualUK/comments/7lgj1m/i_became_a_dad_i_am_so_chuffed/,1513936661.0,3947,0.85,294,CasualUK,god_sidge
7lggxz,Chap in Tesco this morning taking the rumours of a Christmas Pringle shortage fairly seriously...,,https://i.redd.it/931f8xyf2g501.jpg,1513935734.0,174,0.96,61,CasualUK,dronebox
7lgd7t,Criminals down my way don't even care anymore,,https://imgur.com/izRxgzE,1513934233.0,227,0.98,37,CasualUK,TwattyMcSlagtits
7lg0qv,"If you start watching Peep Show at 9pm on New Years Eve, at the stroke of midnight you've probably had a jolly nice night in.",,https://www.reddit.com/r/CasualUK/comments/7lg0qv/if_you_start_watching_peep_show_at_9pm_on_new/,1513928879.0,415,0.97,39,CasualUK,panicky_in_the_uk
7lfkyh,I found the travel-card a Redditor left at paddington station. It expired :(,,https://i.redd.it/jnx6vnd70f501.jpg,1513922791.0,93,0.94,23,CasualUK,Declanhx
7lec3e,Geoff and Jay go up the A1,,https://www.youtube.com/watch?v=I2jrA1FB3yI,1513908705.0,61,0.98,6,CasualUK,davedubya
7lckb4,Vacuuming out a fire,,https://imgur.com/9igt8W2.gifv,1513891359.0,59,0.91,17,CasualUK,ASK_IF_IM_PENGUIN
7lblx9,"Are we still doing train tickets? Ticket from London Paddington to Bristol. Valid until 31st December, 16-25 railcard needed. Under the seat next to the bin, outside the Macdonald's on platform 1",,https://i.redd.it/5uy43n66qb501.jpg,1513883096.0,141,0.95,9,CasualUK,Tom50
7lb4j7,If you play 'In The Air Tonight‚Äô by Phil Collins on December 31st at 11:56:40 the drum break will play right as the clock strikes midnight. Start off your new year right. - Phil Collins on Twitter,,https://twitter.com/PhilCollinsFeed/status/943876830947405824,1513878949.0,112,0.92,10,CasualUK,quinn_drummer
7lauxz,Do you ever think we've taken product choice too far?üòï,[deleted],https://i.redd.it/sjh543107b501.jpg,1513876644.0,69,0.94,16,CasualUK,[deleted]
7lauxu,You know we're doing this passing on tickets thing...? Well I just got one from West Yorkshire Police Speed Camera Unit. Says I can nominate another driver if anyone wants it..,,https://www.reddit.com/r/CasualUK/comments/7lauxu/you_know_were_doing_this_passing_on_tickets_thing/,1513876644.0,2573,0.96,125,CasualUK,dronebox
7ladvn,Leicester to London. Today 16:58. Let me know if you get it.,,https://imgur.com/nGcHXmL,1513872491.0,271,0.95,43,CasualUK,Infinity_Flounder
7l9tjz,Wetherspoons is absolutely fantastic,"Seriously though, how fucking good is Spoons? You're telling me I can get a full burger with amazing chips, a pint of coke and a dessert all for less than a tenner? And I can use an app to order it? And I don't have to wait to pay the bill?

What a fucking place. Absolutely marvellous. ",https://www.reddit.com/r/CasualUK/comments/7l9tjz/wetherspoons_is_absolutely_fantastic/,1513867012.0,125,0.81,112,CasualUK,dalledayul
7l9eo0,"""How could you be offended by a cunt!?""",,https://streamable.com/2xfwz,1513862426.0,61,0.87,22,CasualUK,Hassaan18
7l92xf,"Finding yourself snapping ‚ÄúDon‚Äôt eat that, it‚Äôs for Christmas!‚Äù and contemplating the life choices you have made to get to this juncture of your life.",,https://www.reddit.com/r/CasualUK/comments/7l92xf/finding_yourself_snapping_dont_eat_that_its_for/,1513858391.0,68,0.94,14,CasualUK,Big_Miss_Steak_
7l8v87,"If you were going to buy a pub, what would you name it?","Obligatory mentions to: 
 
- Free the Paedos 
 
- The Swan and Tomato 
 
- The Swan and Paedo. ",https://www.reddit.com/r/CasualUK/comments/7l8v87/if_you_were_going_to_buy_a_pub_what_would_you/,1513855486.0,75,0.94,148,CasualUK,[deleted]
7l8pjc,Pixie House To Let,,https://i.imgur.com/IlAF1Xs.jpg,1513853152.0,82,0.96,7,CasualUK,quinn_drummer
7l8l88,The local pub wants you to stay off the lawn,,https://i.imgur.com/ZQ0BWqK.jpg,1513851330.0,679,0.97,29,CasualUK,Glurt
7l8hqi,Last night Bristol City knocked out Manchester United in the Caramel Cup. The Bristol City manager celebrated the winning goal with a ball boy.,,https://streamable.com/hyf72,1513849826.0,180,0.94,29,CasualUK,[deleted]
7l86tb,Going to Pets at Home tonight to see the bunny rabbits,"Um... I mean buy important supplies for the cats.

Anyone else enjoy going and watching the fluffy things hop about in the pet shop?",https://www.reddit.com/r/CasualUK/comments/7l86tb/going_to_pets_at_home_tonight_to_see_the_bunny/,1513844978.0,202,0.96,115,CasualUK,ed_menac
7l53ca,If today has taught me anything it's that I'm going to check under every seat in the train station before I ever buy a ticket.,,https://www.reddit.com/r/CasualUK/comments/7l53ca/if_today_has_taught_me_anything_its_that_im_going/,1513809983.0,63,0.91,4,CasualUK,Randomd0g
7l4akb,Wh.. Why?,,https://i.redd.it/3e55agrr35501.jpg,1513802925.0,247,0.97,28,CasualUK,BrunoZub
7l4221,Bought a new kettle from LIDL and it came with a European socket with no adapter. I'm fuming #BoycottLIDL,,https://i.redd.it/erk6zjzux4501.jpg,1513800933.0,86,0.92,87,CasualUK,chopkin92
7l3rk4,"Sounds like a hazy night on BBC One, never had Judi down as the type",,https://i.redd.it/7mbjvl9fq4501.jpg,1513798431.0,101,0.93,8,CasualUK,fisherpriceman
7l3gyt,BBC tackling darker issues.,[deleted],https://i.redd.it/cdqi3774j4501.jpg,1513795984.0,74,0.93,4,CasualUK,[deleted]
7l2wey,The game has been changed forever,,https://i.redd.it/lp1vr2xp44501.jpg,1513791129.0,278,0.97,42,CasualUK,tessrkt
7l29od,Zones 1-6 Travelcard left on Platform 9 at Paddington Station,,https://i.redd.it/vobv1hg7o3501.jpg,1513785615.0,460,0.95,38,CasualUK,Stittastutta
7l1dx0,"'ere Tracey, give us a crack will ya love?",[deleted],http://imgur.com/G3FPe9y,1513776613.0,75,0.94,10,CasualUK,[deleted]
7l164m,Merry Christmas from Hermes.,,https://imgur.com/FKQCuNc,1513773973.0,139,0.95,38,CasualUK,AgentSmithOnline
7kzy2u,Found this brilliant house clearance advert on Cambridge freecycle,,https://i.redd.it/ox64ws0p71501.jpg,1513755809.0,147,0.97,23,CasualUK,FinKM
7kzvhn,Just got back to the UK after ten months away with limited Internet and media access. What have I missed?,"I left in early Feb, tell me all about 2017. The fun stuff please, I'll read up on the political stuff elsewhere.

I have been back a couple of times for short periods of R&amp;R however I spent most of that time with friends and family rather than online. ",https://www.reddit.com/r/CasualUK/comments/7kzvhn/just_got_back_to_the_uk_after_ten_months_away/,1513754720.0,58,0.92,139,CasualUK,dayus9
7kwxcl,Ever wondered what our soldiers eat out on the field?,,https://imgur.com/gallery/HfRkZ,1513723477.0,197,0.96,139,CasualUK,gsurfer04
7kvzm0,Please be called Jack. (neighbour's post wrongly delivered to my flat),[deleted],http://imgur.com/PA6uuCs,1513715186.0,70,0.96,14,CasualUK,[deleted]
7kvk5i,"Here we see the RAF Typhoon in its natural environment, searching tree to tree to find a suitable nest for the winter months.",,https://i.redd.it/iu5zx6pyjx401.jpg,1513711511.0,135,0.98,17,CasualUK,-Bungle-
7kvk25,My sister let my 7yo niece decorate the Christmas tree this year and she sent me this pic. I'm still laughing.,,https://i.redd.it/gek4fcswjx401.jpg,1513711489.0,59,0.93,12,CasualUK,[deleted]
7kv11o,I'm sure this wasn't deliberate...,,https://i.redd.it/rdmzhe6f6x401.jpg,1513706961.0,74,0.92,7,CasualUK,Hassaan18
7kuf0h,What‚Äôs with these absolute wankers that take up the whole path right outside a school? Parents with children and prams just love walking in the road to get round you.,,https://i.redd.it/u02wg3xpqw401.jpg,1513701675.0,135,0.94,58,CasualUK,IAmNotStelio
7kuatm,Which Mod hero put Santa Hats on every single person in the bottom image on this subreddit?,"I always thought it was the best image ever and now its even better.

Edit: For those of you on mobile: https://imgur.com/a/cDy6I",https://www.reddit.com/r/CasualUK/comments/7kuatm/which_mod_hero_put_santa_hats_on_every_single/,1513700638.0,70,0.95,11,CasualUK,joebot3000
7ku332,New Years fun fact,"If you start watching The Inbetweeners Season 1 Episode 2 at 11:54:57 then Will will say ‚Äúwell that was fucking dreadful‚Äù just as we go into 2018, and what better way to summarise 2017.",https://www.reddit.com/r/CasualUK/comments/7ku332/new_years_fun_fact/,1513698729.0,175,0.93,32,CasualUK,cashcapone96
7kttr5,The problem with posh burgers...,"Honestly, I'm not someone who minds paying a bit more for a nicer bit of beef with a nicer atmosphere. What I object to is the price of the chips. I'm looking at the menu of a Prime Burger right now and it's ¬£4 for a portion of chips. My local chippy gives you a bag the size of your head for ¬£1. It's fried potato. It's the cheapest food possible and they probably get crate loads of them pre-chopped and pre-frozen ready to go.",https://www.reddit.com/r/CasualUK/comments/7kttr5/the_problem_with_posh_burgers/,1513696277.0,123,0.94,119,CasualUK,delta_baryon
7ktk2f,"Thanks, but no thanks Amazon",,https://i.redd.it/oe84mnan2w401.png,1513693577.0,102,0.94,12,CasualUK,[deleted]
7ksxcb,Tesco this morning - very patriotic display,,https://i.redd.it/z47e1urxfv401.jpg,1513686120.0,438,0.96,62,CasualUK,legendfriend
7ksgxb,Buckfast endorses responsible glassing this festive season,,https://i.imgur.com/lCo7W46.jpg,1513679485.0,799,0.98,37,CasualUK,scwol
7ksdyv,"Sorry kids, looks like no Christmas this year!",,https://i.redd.it/erkkilp3tu401.jpg,1513678260.0,112,0.94,33,CasualUK,legendfriend
7ksd1w,Lad breaks melon with his head,,https://v.redd.it/krtpigqvru401,1513677934.0,387,0.97,97,CasualUK,tessrkt
7ks65m,"I left my laptop bag with my MacBook, passport and an A4 purple notebook inside at Marylebone Station at roughly 11.15 this evening. That MacBook contains pretty much my entire life‚Äôs work and memories on. Please please PLEASE RT and help me find it üôèüôèüôè @chilternrailway",[deleted],https://twitter.com/LisaSketches/status/942908922494701575,1513674935.0,171,0.92,39,CasualUK,[deleted]
7ks4dz,"Mr Blobby makes a guest appearance on ""The Big Fat Quiz of the 90s"". One of the most absurd and hilarious bits of television I've ever watched.",,http://youtu.be/97fw8xjB5u4,1513674163.0,63,0.9,10,CasualUK,Hassaan18
7krzle,Cricket_irl,,https://i.imgur.com/8gMEHLt.jpg,1513671996.0,70,0.94,5,CasualUK,AsmodeanUnderscore
7kpbpl,'Would I Lie To You' only being on for 30 minutes a week should be a crime,[deleted],https://www.reddit.com/r/CasualUK/comments/7kpbpl/would_i_lie_to_you_only_being_on_for_30_minutes_a/,1513641540.0,52,0.88,27,CasualUK,[deleted]
7kp0kq,Today I quit gambling after watching someone lose ¬£2k,"So I had what I call a minor gambling problem. I've lost a few thousand this year but I never spent more than a few hundred in one go.

This isn't the most I've seen someone lose, not even close. I saw someone go from a small amount, not sure exactly, to almost ¬£2k on the roulette. Then the guy was betting on black only, which is a 50/50 chance. I watched as red came in 21 times in a row and he lost all his money.

I was pretty fucking disgusted to be honest. I realised I hated the gambling industry more than anything at that moment. It felt like everybody around was feeling the same thing.

Fuck gambling. It's too much of a cliche to say ""the house always wins"".

I know someone will say you should know when to stop. Anyone that gambles knows that's not how it works. When should he have stopped? ¬£50? ¬£500? ¬£1000? He would have never got to ¬£2k if he stopped.

As a minor gambling addict I think my urge to gamble was already killed a month ago when someone I knew (who works a minimum wage job) won ¬£6k and he didn't even seem bothered or happy about it. This was just the nail in the coffin.

Anyway, I've had a few beers and just wanted to rant somewhere.",https://www.reddit.com/r/CasualUK/comments/7kp0kq/today_i_quit_gambling_after_watching_someone_lose/,1513638578.0,148,0.98,100,CasualUK,[deleted]
7knu6h,"Accidentally bought a train ticket for the wrong day, can't get a refund so have left a Birmingham to London ticket in New Street station on the ticket machine opposite Oliver bonas. Ticket valid for tomorrow, 19/12!",,https://i.imgur.com/eGAIYGH.jpg,1513628157.0,20724,0.95,418,CasualUK,BansheeBeat2015
7knpxu,You just have to admire the Lake District ‚ù§,,https://imgur.com/Wi3KlyF,1513627163.0,78,0.98,20,CasualUK,link6112
7kmef2,Found in a TV Burp Top Trumps.,,https://imgur.com/gNhWYL0,1513615722.0,124,0.98,9,CasualUK,chilejon
7km7nl,"Suck it King Arthur, get on my level.",,https://i.redd.it/6ti291r6ip401.jpg,1513614058.0,93,0.95,17,CasualUK,arrybrown
7kltge,This monster of a cocktail sausage at Tescos.,,https://i.redd.it/op7mouh37p401.jpg,1513610334.0,364,0.98,35,CasualUK,gwent_shark
7kkxz7,This pigeon is casually sat down in the middle of Leeds train station.,,https://i.redd.it/pfa9klyzdo401.jpg,1513600539.0,146,0.95,25,CasualUK,snarkadia
7kkojm,Anyone in Norwich need the best job in the world?,,https://www.indeed.co.uk/cmp/World-giraffe-company/jobs/Giraffe-Wrangler-55d800b865d640a1,1513596910.0,67,0.96,49,CasualUK,vbloke
7kkm10,A supercut of all of the names in Bob Mortimer's stories on Would I Lie To You.,,https://youtu.be/EKeLiluvmKg,1513595897.0,295,0.98,40,CasualUK,fisherpriceman
7kkjwo,"Central Beacons Mountain Rescue Team needs your help to raise ¬£250,000+ following a devastating fire at our team base",,https://www.justgiving.com/campaigns/charity/centralbeaconsmrt/firedamage,1513595075.0,54,0.96,7,CasualUK,didierdoddsy
7kkf3e,My best mate ate my number 24 advent chocolate when he was staying at my house this weekend.,"As you can see, a brutal crime has occurred. 

I'm speechless. Shocked. Emotionally torn.

How do I get him back for this absolutely abhorrent behaviour? ",https://www.reddit.com/r/CasualUK/comments/7kkf3e/my_best_mate_ate_my_number_24_advent_chocolate/,1513592970.0,2098,0.94,193,CasualUK,Eclipticawolf
7kk02w,Early morning at Glasgow Necropolis,,https://imgur.com/gallery/POpyo,1513586059.0,73,0.96,8,CasualUK,GregorF92
7kfyb3,I love this sketch from Come Fly With Me. Ian interviews Taaj.,,https://youtu.be/dCk6fSQ21rY,1513540590.0,63,0.91,10,CasualUK,Hassaan18
7kfr75,"I know the yanks often get confused, but this is next level...",,https://i.redd.it/r2uy06bx9j401.png,1513538674.0,163,0.93,91,CasualUK,HitlersFidgetSpinner
7ke0ur,I can't think of anything else that I'd rather spend ¬£4.99 on,,https://i.imgur.com/y71F8Ki.jpg,1513520790.0,223,0.99,34,CasualUK,PensivePengu
7kduwy,"I mean, I‚Äôm not complaining.",[deleted],https://i.redd.it/1y2onynemh401.jpg,1513518623.0,122,0.98,24,CasualUK,[deleted]
7kdos8,Remember when receiving letters used to be fun?,,https://i.redd.it/zx9hlnjyeh401.jpg,1513516114.0,508,0.99,74,CasualUK,sunburnedtourist
7kdkv1,The Mr Men franchise sure is different from what I remember...,,https://i.redd.it/i1mc14rp9h401.jpg,1513514374.0,133,0.95,25,CasualUK,TwentyHundredHours
7kdiow,Heresy,,https://i.imgur.com/TIyIjDf.jpg,1513513347.0,2774,0.94,351,CasualUK,SirMuttley
7kddym,Taskmaster,"Due to its occasional mentions on here, and a dearth of family telly to watch at the moment, we've started watching Taskmaster from the beginning. We all love it; my 16-year old daughter giggles throughout the entire episode, and even the miserable wife laughed a couple of times.

That's it, really - just wanted to say Thanks.",https://www.reddit.com/r/CasualUK/comments/7kddym/taskmaster/,1513511054.0,104,0.97,25,CasualUK,HugoNebula
7kd575,One of the funniest sketches I've seen in a long time!,,https://www.youtube.com/watch?v=_pDTiFkXgEE,1513506303.0,176,0.96,24,CasualUK,[deleted]
7kd4vp,LazyTown Voice Dub Comparison [US/UK]. The small changes in the script to suit a British audience is the most interesting thing about this.,,https://www.youtube.com/watch?v=hxcleY2csJA,1513506126.0,65,0.9,2,CasualUK,Hassaan18
7kcuh2,Cat Guardians - a free service from Cats Protection that provides peace of mind to elderly cat owners concerned about what would happen if their cat was to outlive them.,,https://www.youtube.com/watch?v=Ta8OcV8v8uo,1513500316.0,82,0.92,12,CasualUK,Gonad-Brained-Gimp
7kazul,Great work this year guys! Keep playing!,,https://i.redd.it/yybaye9s9a401.jpg,1513473880.0,194,0.98,24,CasualUK,KelseyBDJ
7k9mxk,Noticed some excellent product placement from the Amazon Echo team whilst the other half was watching TV.,,https://i.redd.it/emygh7w0qc401.jpg,1513459395.0,189,0.97,14,CasualUK,iDemonix
7k9flk,Terrible typo on Countdown...,,https://i.imgur.com/Wd1IEmc.jpg,1513457327.0,195,0.99,6,CasualUK,Hassaan18
7k9d1a,This is what happens when you give the British public a chance to rename your show for one week...,[deleted],https://streamable.com/s7m2o,1513456585.0,119,0.99,14,CasualUK,[deleted]
7k7y05,"On Wednesday, whilst watching The Apprentice, I played 'Down a shot when Sugar says 'business'. I've just woken up.",,https://www.reddit.com/r/CasualUK/comments/7k7y05/on_wednesday_whilst_watching_the_apprentice_i/,1513442284.0,113,0.98,9,CasualUK,Traffodil
7k7xyl,British police delivering the goods,,https://i.redd.it/7hbubj9ebb401.png,1513442274.0,91,0.96,9,CasualUK,marriott81
7k7ry4,The food scientist at Morrisons were so caught up with that they could... they never stopped to think if they should,,https://i.redd.it/fzivlhq56b401.jpg,1513440539.0,113,0.97,30,CasualUK,B-D-R
7k74m0,American white trash found in the British countryside,,https://imgur.com/55QclpB,1513432733.0,322,0.98,28,CasualUK,thetoastmonster
7k6q1w,Glad I went for a wide scraper,,https://imgur.com/D0P74eY,1513426622.0,127,0.98,15,CasualUK,30sirtybirds
7k6mry,Rhyl is an absolute dump. I wrote a poem making fun of it. In my defense I was very tired.,"Rhyl is a tip  
as I'm here to tell  
putrid and vile  
and that's just the smell

&amp;nbsp;

Step past broken bottles  
and over dead seagulls,  
past littered cheap beer cans  
and junkies old needles

&amp;nbsp;

Past faded signs sighing  
""cheap rooms to let""  
past a pregnant teen smoking  
a menthol cigrette

&amp;nbsp;

Through canyons of brutalist  
Seventies concrete  
there's booze shops and bookmakers  
every 12 feet

&amp;nbsp;

Dead eyed people at slot machines  
stand at their posts  
the whole town feels haunted  
and we're all the ghosts

&amp;nbsp;

Even the air itself  
feels greasy and sticky  
avert eyes from the bins  
where a pair have a quickie

&amp;nbsp;

There's plastic castle spires  
in damn aquamarine  
from a heyday long past  
all stained algea green

&amp;nbsp;

Walk past bad graffiti  
""Gazza waz here!""  
take a tentative walk  
on the mouldering pier

&amp;nbsp;

Stand on the shore  
in the scummy brown surf  
Rhyl, dearest Rhyl,  
Satan's armpit on earth.",https://www.reddit.com/r/CasualUK/comments/7k6mry/rhyl_is_an_absolute_dump_i_wrote_a_poem_making/,1513425054.0,74,0.99,14,CasualUK,ragna-rocking
7k6lld,When you go to work to after a night on it,,https://i.redd.it/krsmhesst9401.jpg,1513424445.0,88,0.92,5,CasualUK,[deleted]
7k6aec,Best excuse for my delivery not turning up - this was at the top of the stairs.,,https://i.redd.it/q0jamt01d9401.jpg,1513418619.0,14396,0.95,493,CasualUK,Boodzo
7k65a5,The Queen commands that the 50p coin shall come with a picture of Flopsy Bunny on it.,,https://www.thegazette.co.uk/notice/2929909,1513415858.0,65,0.91,12,CasualUK,[deleted]
7k5wgg,One of the few perks of finishing work this early (Glasgow Cathedral),,https://i.imgur.com/hrbMXdf.jpg,1513411342.0,92,0.97,5,CasualUK,GregorF92
7k3im0,I was at a funeral today. When we were behind the hearse we saw a policeman take his hat off and bow to the funeral procession.,Warms your heart to see that level of respect these days.,https://www.reddit.com/r/CasualUK/comments/7k3im0/i_was_at_a_funeral_today_when_we_were_behind_the/,1513380730.0,163,0.98,38,CasualUK,Articulated
7k1p0s,We all remember these classics don't we?,,https://i.redd.it/m1iged58t4401.jpg,1513363529.0,124,0.98,35,CasualUK,hunterfam55
7k0tk1,Brits abroad in 9 seconds.,,https://youtu.be/fmuGfSwPQ4I,1513355873.0,164,0.96,22,CasualUK,bennettbuzz
7k0k6r,Got a STD? Welcome to:,,https://i.redd.it/7ei289cjz3401.jpg,1513353541.0,108,0.91,16,CasualUK,xXbghytXx
7jzvdp,Thousands of mini pork pies destroyed in factory fire,,http://www.bbc.co.uk/news/live/uk-england-leeds-42355074?ns_mchannel=social&amp;ns_source=twitter&amp;ns_campaign=bbc_live&amp;ns_linkname=5a339e45e4b0aff806a0c411%26Thousands%20of%20mini%20pork%20pies%20destroyed%20in%20factory%20fire%26&amp;ns_fee=0#post_5a339e45e4b0aff806a0c411,1513346607.0,123,0.96,45,CasualUK,m-1975
7jzclz,W h i t e V a n B O Y E,,https://imgur.com/a/t6ZUP,1513340274.0,146,0.93,29,CasualUK,borkbork33
7jz8pp,So my friend who works in Wetherspoons remarked that it's not unusual for people to die in a wetherspoon bathroom,,https://i.redd.it/k2zt2mazr2401.png,1513338890.0,91,0.97,49,CasualUK,MelancholyAdventure
7jz5cq,My Mum made me a chriatnas wreath in her own personal style.,,https://imgur.com/2eCpNcS,1513337521.0,117,0.95,25,CasualUK,medianbailey
7jykwh,Starting the day with a healthy breakfast at work! How has your Friday started?,,https://i.redd.it/ostxhttuw1401.jpg,1513328446.0,76,0.93,44,CasualUK,_awaywiththefairies_
7jydpo,The BBC news quiz of the week is on point this morning!,,https://i.redd.it/tmav7v51n1401.jpg,1513325121.0,115,0.93,17,CasualUK,[deleted]
7jycp4,ü§îü§îü§î,,https://i.imgur.com/mOfMXnU.jpg,1513324653.0,3575,0.96,63,CasualUK,AsmodeanUnderscore
7jvlea,I sent Christmas cards to my neighbours. Wasn't 100% sure about one guy's name so I wrote 'sorry I don't know your name'. This was his response :),,http://imgur.com/nGSVqJy,1513293314.0,92,0.97,56,CasualUK,Okonomiyakiheaven
7juy1v,Tonight the hula hoop gods have blessed me. (Normal sized hoop for scale),,https://i.redd.it/pp6wjs3fjy301.jpg,1513287588.0,548,0.98,32,CasualUK,[deleted]
7jsito,You know its nearly Xmas when the chippy puts on the festive specials ....,,https://i.redd.it/92cxl30xvw301.jpg,1513267607.0,106,0.98,36,CasualUK,nikcou
7jrhg1,Stockport christmas mircale,[deleted],https://i.imgur.com/CBvJyLY.jpg,1513257212.0,233,0.98,12,CasualUK,[deleted]
7jr69g,Nazi Salad Bastards,,https://i.redd.it/ev8781ggpv301.jpg,1513253305.0,107,0.96,29,CasualUK,Fasterthanapigeon
7jqq9s,Last done of chemo done just in time for Christmas! Thank you NHS for being so completely wonderful and FREE,[deleted],https://i.redd.it/pq1jce9e5v301.jpg,1513246547.0,10323,0.82,385,CasualUK,[deleted]
7jqkmf,This is the bravest man I have ever seen,,https://i.imgur.com/4XO8f93.gifv,1513244023.0,1559,0.95,114,CasualUK,sprogger
7jqcd0,European countries' most Googled questions. The Danes have high priority issues to solve.,[deleted],https://i.redd.it/oqs0ftluxq301.jpg,1513240205.0,165,0.94,82,CasualUK,[deleted]
7jn6nm,Do you mind if I park here?,,https://i.redd.it/99g1kdl6sr301.jpg,1513205793.0,698,0.98,11,CasualUK,Sparx808
7jn13w,"Thanks BBC news, very informative",,https://i.redd.it/a78klyh6or301.jpg,1513204440.0,95,1.0,5,CasualUK,donemessedupthistime
7jn12l,Dad hates Wii menu music,,https://youtu.be/KEZHEcEFVJU,1513204432.0,89,0.96,12,CasualUK,slipperydodger
7jmnz4,Do you moo at cows?,"I've been told that I'm weird for doing it, but I thought it was just part of countryside etiquette.

I also baa at sheep and make other friendly conversation to animals when I'm out in the county, but I find the cows are usually more receptive. Obviously goats are proper chatty, but there aren't so many of them where I live.

EDIT: While I'm on the subject, have you ever heard a cow cough? It's a wonderful thing.",https://www.reddit.com/r/CasualUK/comments/7jmnz4/do_you_moo_at_cows/,1513201826.0,256,0.99,108,CasualUK,[deleted]
7jm0yb,"Googled Tamara Ecclestone, was not expecting this description...",,https://imgur.com/A5EGIQy,1513196397.0,138,0.98,16,CasualUK,Nosferatii
7jl0jd,I personally think the grandma knew all along...,,https://i.imgur.com/yZ8KtN9.png,1513187978.0,180,0.99,17,CasualUK,albo_underhill
7jl0ap,My dentist's car,,https://imgur.com/TyEEbA4,1513187922.0,69,0.97,29,CasualUK,Alternate__me
7jk0jd,"Does anyone else‚Äôs city/town have one of these? Yes it is what it sounds like, they sell the pasties from the previous day at cheap prices.",[deleted],https://i.redd.it/7nqd0jbrlp301.jpg,1513179429.0,176,0.99,64,CasualUK,[deleted]
7jjuja,Today has been a good day.,,https://i.redd.it/tieej4k6hp301.jpg,1513177869.0,68,0.96,12,CasualUK,TheScaryTriangle
7jizdt,Made good use of the snow on Sunday,,https://i.redd.it/zhh63zfnso301.jpg,1513169623.0,666,0.98,22,CasualUK,RH03-H
7jirbc,BREAKING: Peter Kay has just cancelled ALL of his future work projects indefinitely,,https://i.imgur.com/PFdKk9c.jpg,1513166683.0,176,0.96,63,CasualUK,vogSWS
7jik41,Harry Potter and the Predictive Text Narrative,,http://imgur.com/gallery/gkLFz,1513163774.0,435,0.98,57,CasualUK,[deleted]
7ji94h,Why are builders so notoriously untrustworthy?,"I'm a working class sprat, my uncle Pete is a carpet layer, uncle Mick is a mechanic, cousin Paul is a commercial re-fitter, etc... Growing up I've always known these guys to be salt of the earth type fellas, kind, loving, premium banter. 

At the grand age of 31 I hired my first builders to do a full renovation of a small one bed apartment. I've been nice to them from the start, honest, always paid my installments on time, I always say please and thank you, never barking orders or treating them like 'workmen'. 

Despite this, it seems they've gone out of their way to be as deceptive, slippery, and non-committal as possible. When I try and be frank with them they retreat. When I try and give them a little sugar they take advantage of me. 

I think what's happening is that they're palming off old stock onto me at padded prices. Honestly, I wouldn't mind that much if I was getting what I wanted but I've ended up with the most horrendous cacophony of beige and grey. 

So my question is this; why are tradesmen so notoriously dishonest? Literally everyone I've asked for advice has replied with their own horror story about builders. 

My second question is does anyone have any advice on managing the relationship with slippery tradesmen or some on advice on picking a good one? 

As soon as these builders are out of the door (in 18 days God willing) I'm going to have to hire some new guys to fix all the beige but I have lost confidence in myself and my ability to wrangle these guys. Every week the property stands unfinished I'm bleeding money so I can't afford more disasters.

Edit: I want to thank everyone here for the comments, I've been in bits today and it really helped to vent. I've found out, after talking to his ""solicitor"" that he's a member of an extremely dodgy religious cult and idk why but it just cemented everything I had figured out about this guy. I informed the ""solicitor"" I wanted them out by the end of the day. ",https://www.reddit.com/r/CasualUK/comments/7ji94h/why_are_builders_so_notoriously_untrustworthy/,1513159162.0,106,0.97,103,CasualUK,Uk840
7ji8m8,Hey I know a great place for groceries...,,https://i.redd.it/jtirs2mtwn301.jpg,1513158937.0,340,0.99,48,CasualUK,CheatTheory
7ji3gi,Parking of the month,[deleted],https://i.redd.it/br2vb4oypn301.jpg,1513156634.0,169,0.98,45,CasualUK,[deleted]
7jhywx,A photo from the excavation of a WW2 Covenanter tank at the Denbies vineyard in Dorking (23rd May 2017),,https://i.imgur.com/llqXcRg.jpg,1513154638.0,143,0.98,30,CasualUK,Jimmyjamjames
7jezq0,I‚Äôve had a shit in 4 different countries today. What have you achieved?,,https://www.reddit.com/r/CasualUK/comments/7jezq0/ive_had_a_shit_in_4_different_countries_today/,1513121782.0,63,0.98,36,CasualUK,Harry_monk
7jeeyo,The view from my 'office' just north of London today. Beautiful.,,https://i.redd.it/0axrd3r2fk301.jpg,1513116627.0,120,0.99,6,CasualUK,soupermaario
7je3z4,Euston Station to become a homeless shelter on Christmas Day,[deleted],https://www.ianvisits.co.uk/blog/2017/12/12/euston-station-to-become-a-homeless-shelter-on-christmas-day/,1513113992.0,69,0.99,3,CasualUK,[deleted]
7jdm3m,He‚Äôs changed a lot,[deleted],https://i.redd.it/i7nirdotuj301.jpg,1513109844.0,117,0.97,11,CasualUK,[deleted]
7jczdf,"Looking to start a new series, anyone got a link for season 1 of Corrie?",,https://www.reddit.com/r/CasualUK/comments/7jczdf/looking_to_start_a_new_series_anyone_got_a_link/,1513104831.0,151,0.95,45,CasualUK,youdy
7jcmim,Happy Chanukah!,"Tis the time for the minor Jewish festival where we light lots of candles, eat odd fried potatoes things (latkas) and eat doughnuts. Not the krispy kreme kind, but oily ones. 

This lasts for 8 nights, where our children get cut down and disappointing versions of Christmas presents.

Happy Chanukah! (Also spelt Hanukkah)",https://www.reddit.com/r/CasualUK/comments/7jcmim/happy_chanukah/,1513101900.0,68,0.92,25,CasualUK,[deleted]
7jbp0e,"""We apologize for any inconvenience caused""",,https://i.imgur.com/1tR9OW5.jpg,1513094941.0,415,0.99,35,CasualUK,PensivePengu
7japi0,We all chipped in for a co-workers birthday present and they wont open it in front of us.,"""Going to take it home if that's alright?"" 
Not sure it is alright to be honest. Bit rude actually. Also I wanted to waste a few minutes watching you open it, then feign surprise and delight at the poor choice of gift. 


",https://www.reddit.com/r/CasualUK/comments/7japi0/we_all_chipped_in_for_a_coworkers_birthday/,1513085298.0,101,0.95,53,CasualUK,[deleted]
7jacyy,Does Peppa Pig encourage inappropriate use of primary care resources?,,http://www.bmj.com/content/359/bmj.j5397,1513081008.0,168,0.97,27,CasualUK,stormblooper
7jab9f,Aldi doing a special offer on Land Rovers,,https://i.redd.it/kbkdn6t0fh301.jpg,1513080402.0,112,0.98,29,CasualUK,DuncanSmart
7ja2zo,I guess he‚Äôs off to work?,,https://i.redd.it/g654zbzo5h301.jpg,1513077163.0,78,0.99,5,CasualUK,0800-Meme-Dealer
7ja127,Found this on Facebook marketplace,,https://i.imgur.com/PTaZjoG.jpg,1513076397.0,122,0.99,13,CasualUK,0800-Meme-Dealer
7j9g3t,My dad found a frozen rat in the back garden. Slipper for scale,,https://i.redd.it/p3jihje3gg301.jpg,1513068602.0,71,0.94,38,CasualUK,MPM001
7j9b5g,Britain is broken.,,https://i.redd.it/d422afnz9g301.jpg,1513066487.0,357,0.98,64,CasualUK,kuro-oruk
7j962d,The Alien Invasion has begun. We get to pick one British version of Will Smith to send who'll fuck em up.,Who do we send to defend us and why.,https://www.reddit.com/r/CasualUK/comments/7j962d/the_alien_invasion_has_begun_we_get_to_pick_one/,1513064380.0,62,0.97,161,CasualUK,[deleted]
7j6sbf,Snow day!,,https://i.imgur.com/vugpqiJ.gifv,1513038997.0,80,0.97,4,CasualUK,samwonder
7j6iei,I‚Äôm watching The Thick Of It.,"... It‚Äôs fucking class.

Update: I‚Äôm watching the focus group episode on my lunch break.",https://www.reddit.com/r/CasualUK/comments/7j6iei/im_watching_the_thick_of_it/,1513036438.0,88,0.97,41,CasualUK,[deleted]
7j68jc,"9 inches of snow in the UK.... Quadbike - check, Drone - check, Large field of virgin snow - check. Commence drawing of giant snow penis! Go go go!",,https://youtu.be/C7zsLljUiE4,1513033882.0,85,0.98,11,CasualUK,Jtdugg
7j5lsv,"Nothing says ""2 day stay in a city"" quite like this",,https://i.redd.it/ut73sgew3d301.png,1513028330.0,126,0.95,34,CasualUK,TachankaTheGod
7j56b5,I'm actually really suprised at how quickly they'd switched all the pounds.,Thought it'd take ages.,https://www.reddit.com/r/CasualUK/comments/7j56b5/im_actually_really_suprised_at_how_quickly_theyd/,1513025056.0,69,0.99,50,CasualUK,Jlw2001
7j3y0k,This is the best subreddit,Since I found it all the others can fuck off ,https://www.reddit.com/r/CasualUK/comments/7j3y0k/this_is_the_best_subreddit/,1513015633.0,171,0.97,42,CasualUK,[deleted]
7j3rvy,Who the fuck puts grapes on shreddies?,,https://i.redd.it/8akv58tbyb301.jpg,1513014141.0,98,0.98,24,CasualUK,capital-sneeze
7j3n7j,Just wonderful WHY the fuck Basil Brush is on The Chase,,https://i.redd.it/3hsc7vv0vb301.jpg,1513013028.0,196,0.99,34,CasualUK,Jordanbvb09
7j2kge,"This thief ran past and nicked the nose off the snowman - don‚Äôt be fooled by the look of shame, he‚Äôs not sorry",,https://i.redd.it/3zjozlrs1b301.jpg,1513003199.0,152,0.96,21,CasualUK,carabea293
7j1pqp,Man defends cementing head in microwave | BBC News,,http://www.bbc.co.uk/news/video_and_audio/must_see/42288252/prankster-defends-cementing-head-in-microwave,1512992940.0,61,0.95,61,CasualUK,dieyoubastards
7j1j37,Accidentally stole a bag from the little Tesco this morning,"Should I say goodbye to my family now, or wait until the police come for me?

I guess I know why it Unexpected Itemed me now...",https://www.reddit.com/r/CasualUK/comments/7j1j37/accidentally_stole_a_bag_from_the_little_tesco/,1512990238.0,69,0.97,29,CasualUK,CMDaddyPig
7j14fz,good ol' Brighton :),,https://i.redd.it/202dujl4g9301.jpg,1512983848.0,219,0.96,31,CasualUK,critical_poseur
7j0xw5,Getting a bit chilly in the north west today -2¬∞c,,https://i.imgur.com/V4dE5Ln.jpg,1512980838.0,82,0.99,31,CasualUK,9DAN2
7j0r4a,"UK Schools in shock after 10cm of Snowfall (2017, Colourized)",,https://i.redd.it/59o1co38y8301.gif,1512977916.0,260,0.93,11,CasualUK,TruffleMonkey
7j0r3i,Fuck me it's cold,,https://www.reddit.com/r/CasualUK/comments/7j0r3i/fuck_me_its_cold/,1512977904.0,68,0.93,11,CasualUK,Benjaminook
7ix9u9,These lads rocked up this morning at a roundabout in the West Midlands to push all the stuck cars out of the snow.,,https://i.redd.it/ktgqq6zg56301.jpg,1512943901.0,74,0.97,19,CasualUK,victorious72
7ix84u,BBC Four doing it right - no fake news in this documentary.,,https://i.imgur.com/KkO9A6Z.jpg,1512943548.0,204,1.0,10,CasualUK,greatstonedragoniam
7ix6qv,The best thing ever happened due to the snow,"So I ordered a curry, rice and Naan bread on a sunday night as you do from the local curry house.


About an hour later a big tow truck pulls up outside the house, bit strange but whatever. Next thing the bloke gets out the truck with a bag and knocks on the door. The delivery driver has broken down and sent the truck to drop it off.

The truck driver wasnt qualified in this department so I actually got someone elses order aswell, so on top of my usual order I got

Chicken burger
Chips x2
Popadoms x4 
Dips for poppadoms
Tandori chicken from the bone
Peri peri chicken starter
2x Dr Pepper cans

The driver rang me about half an hour later so thought i'd been rumbled. He just wanted to ask if the food was okay and sorry for being late.

Thats my luck ran out for the next 5 years",https://www.reddit.com/r/CasualUK/comments/7ix6qv/the_best_thing_ever_happened_due_to_the_snow/,1512943277.0,116,0.99,13,CasualUK,floppywick
7iw17y,"A celebrations chocolate count update, courtesy of Mrs. Panda.",,https://imgur.com/eRNMcDc,1512933327.0,143,0.97,62,CasualUK,HumanSuitedPanda
7ivbj7,"If the gritters can't make it round, there's no hope for the rest of us!",,https://i.redd.it/chnuzdtbt4301.jpg,1512927756.0,114,0.98,21,CasualUK,mark_b
7iurub,IAma Canadian living in the UK. Looks like summer has come early! Getting some sun.,[deleted],https://i.redd.it/j7e566kpd4301.jpg,1512922499.0,214,0.92,51,CasualUK,[deleted]
7iueqm,"Battle of Stamford Bridge, 1066 (Colourised)",,https://i.redd.it/95qt6t8o24301.jpg,1512918958.0,337,0.98,9,CasualUK,Apterygiformes
7iu7gh,Productive morning,,https://imgur.com/ARt28Kp,1512916616.0,87,0.95,11,CasualUK,Randomonium5
7iu7au,"In honour of the first good snow in London in 5 years, I thought I'd share what we did in January 2013. Snowhenge.",,https://i.redd.it/nanzciq3w3301.jpg,1512916564.0,79,0.95,1,CasualUK,Mightymushroom1
7ittv7,Pro tip: liquid tab boxes make great brick moulds.,,https://i.redd.it/jd8xkli5h3301.jpg,1512911549.0,83,0.96,5,CasualUK,[deleted]
7itola,"All the travel advice is great, but how can you even prepare for scenes like this?",,https://vgy.me/eRV4hT.jpg,1512909248.0,83,0.95,9,CasualUK,FTheK
7itmdh,Oxford Brookes students have their priorities in order,,https://i.imgur.com/rCcH1MY.jpg,1512908250.0,215,0.92,20,CasualUK,Trimmball
7itgh8,"The AA have advised anyone travelling in the snow to carry a shovel, extra clothing, blankets, salt, a torch, 24 hour supply of food and water, first aid kit and jump leads",[deleted],https://www.reddit.com/r/CasualUK/comments/7itgh8/the_aa_have_advised_anyone_travelling_in_the_snow/,1512905373.0,504,0.98,42,CasualUK,[deleted]
7itgc3,When I wake-up and realise it‚Äôs been snowing vs. when I wake-up and realise it hasn‚Äôt been snowing.,,https://i.redd.it/osdjhl5qy2301.jpg,1512905310.0,73,0.9,1,CasualUK,RDHertsUni
7itftc,Snow next to the canal locks in Stourbridge,,https://i.imgur.com/2pueEbb.jpg,1512905060.0,90,0.94,18,CasualUK,paul_mozza
7it62g,Snow‚Äôs getting out of control near Grimsby!,[deleted],https://i.redd.it/3woqbciyi2301.jpg,1512900012.0,237,0.96,20,CasualUK,[deleted]
7it2gh,It's not bloody snowing here,[deleted],https://www.reddit.com/r/CasualUK/comments/7it2gh/its_not_bloody_snowing_here/,1512897982.0,165,0.96,50,CasualUK,[deleted]
7isze1,Snowy Sunday,"It seems like most parts of the UK have either snow or freezing temperatures, tell us all what you‚Äôre up to today. 

Staying firmly indoors, having to take the kid to football / rugby, off to watch your local team, making a cracking roast?

Share here :) ",https://www.reddit.com/r/CasualUK/comments/7isze1/snowy_sunday/,1512896350.0,86,0.99,150,CasualUK,GFoxtrot
7isvef,Who‚Äôs ready for the country to shut down? (Along with all the tweets and snapchats),,https://i.redd.it/yl46ym1m22301.jpg,1512894516.0,271,0.97,62,CasualUK,daniel_antoniou
7isjkm,IT'S SNOWING I CAN MAKE A SNOWMAN FOR THE FIRST TIME IN YEARS,[deleted],https://www.reddit.com/r/CasualUK/comments/7isjkm/its_snowing_i_can_make_a_snowman_for_the_first/,1512889346.0,202,0.96,51,CasualUK,[deleted]
7ips1c,Cheers mate. Do me best.,,https://i.imgur.com/TfhioB1.jpg,1512857316.0,305,0.96,20,CasualUK,cubbish
7ip81g,Never forget - forever in our hearts...until the bars got stuck.,,http://www.thetoyshop.com/medias/?context=bWFzdGVyfGltYWdlc3wzMzQxOXxpbWFnZS9qcGVnfGltYWdlcy84ODEzMjM4MTkwMTEwLmpwZ3wt,1512851806.0,130,0.98,25,CasualUK,Hullian111
7iok9c,Christmas irony in Oxford Street,,https://i.redd.it/0l9syipo0y201.jpg,1512845437.0,158,0.98,10,CasualUK,vegisbae
7inmk7,"That feeling when you‚Äôve got a Saturday night out arranged but it‚Äôs 4pm, cold and dark outside and you‚Äôre quite happy to be warm and lazy on the sofa","I really, really cannot be arsed to go out 

I‚Äôm desperately hoping for the cancellation text ",https://www.reddit.com/r/CasualUK/comments/7inmk7/that_feeling_when_youve_got_a_saturday_night_out/,1512836358.0,65,0.97,14,CasualUK,mulborough
7in8fu,Frosty morning in Cambridge,,https://imgur.com/Tk1EA2F,1512832593.0,62,0.94,4,CasualUK,everydamnmonth
7in3ol,High School IT Starter Pack,,https://i.imgur.com/ItUNY0E.jpg,1512831060.0,119,0.93,94,CasualUK,[deleted]
7imr2p,4 for 3 on drinks at LIDL,[deleted],https://i.redd.it/a73y9sakgw201.jpg,1512826569.0,227,0.95,36,CasualUK,[deleted]
7imlgw,Crisp alignment chart.,,https://i.redd.it/78et74nd8w201.png,1512824345.0,86,0.88,29,CasualUK,JamieA350
7ilyuq,"Another small place Christmas tree solution (also cheap - work printer, ¬£1 for blutac)",,https://i.redd.it/oyjx6ptkdv201.jpg,1512813495.0,72,0.94,17,CasualUK,pizzabeer
7ilu5c,This Stores opening hours...,,https://i.redd.it/01aw5we57v201.jpg,1512811289.0,61,0.87,21,CasualUK,Rextherabbit
7ilsi3,I'm 23 and currently enjoying a dippy egg.,I feel like a kid again!,https://www.reddit.com/r/CasualUK/comments/7ilsi3/im_23_and_currently_enjoying_a_dippy_egg/,1512810476.0,129,0.93,66,CasualUK,SirRosstopher
7ilkpl,Model railways - is it ever acceptable?,"My wife took the joke of 'running a little train around the christmas tree' literally and I've seen the corner of a Hornby set in her wardrobe.

When I was a nipper I used to be into it (Thomas the Tank, Bluebell Railway, etc.) and once or twice in my darker teenage years. It was the butt of many jokes in the 80's and 90's, but now it just seems oddly quaint and of a bygone era.

The idea of making a plastic airfix kit in my workshop with a cup of tea and an audiobook going in the background seems like it would be a fine alternative to playing computer games, or watching TV.

I'm not looking for approval (obviously) but wanted to tap into the zeitgeist to see what other people's thoughts are.
",https://www.reddit.com/r/CasualUK/comments/7ilkpl/model_railways_is_it_ever_acceptable/,1512806459.0,79,0.94,109,CasualUK,LaCathedrale
7iiybi,I don‚Äôt usually bother with a tree because I have a tiny flat and an idiot cat. This solves both problems.,,https://i.redd.it/g7vq7nqbas201.jpg,1512776049.0,70,1.0,27,CasualUK,katethared
7ihyrz,r/britishpeopletwitter,,https://i.redd.it/l3ni8ed9jr201.jpg,1512766947.0,182,0.93,54,CasualUK,thearguablepear
7ihx3b,He's driving home early for Christmas.,,https://imgur.com/yJU3uQH,1512766540.0,199,0.97,26,CasualUK,mykeuk
7igxov,What medical terms mean in Yorkshire.,,https://i.redd.it/b0bei2tksq201.jpg,1512758019.0,68,0.94,12,CasualUK,[deleted]
7igr8s,The bins in Stockton also double up as sex robots,,https://i.redd.it/m64lwgj9oq201.jpg,1512756510.0,142,0.95,19,CasualUK,Birk88
7ig5ky,Some Bakewell Tarts I made!,,https://i.redd.it/m57dzxzx8q201.jpg,1512751359.0,137,0.99,25,CasualUK,duckduckseduce
7iezha,The lights on the building I live in make the snow look awesome,,https://streamable.com/mj5a0,1512740107.0,63,0.97,13,CasualUK,Glurt
7iersw,Roast potato restaurant opens with all-you-can-eat potatoes,[deleted],https://www.independent.co.uk/life-style/christmas/food-drink/roast-potato-restaurant-london-mccain-roastaurant-uk-menu-a8098246.html?dm,1512737585.0,62,0.9,25,CasualUK,[deleted]
7ienra,BREAKING NEWS,,https://i.redd.it/teo202vpzo201.jpg,1512736147.0,11707,0.94,223,CasualUK,olliewolliesam
7iee1h,My friend posted this. His friend asked if he could unplug his router. I thought my comment was reddit worthy. (Bottom comment),,https://i.redd.it/dk81l2cioo201.jpg,1512732378.0,230,0.91,14,CasualUK,Chemicalxeno
7iec94,The Ballad of Mouglas McMuggerson,,https://i.imgur.com/0IFIPSM.jpg,1512731642.0,81,0.93,20,CasualUK,[deleted]
7ie2eb,Well... Shit.,,https://imgur.com/8Cau62t,1512727462.0,156,0.94,38,CasualUK,Crimsai
7idw8s,Great start to the morning...,[deleted],https://i.redd.it/nfe7wosj1o201.jpg,1512724657.0,80,0.96,28,CasualUK,[deleted]
7idsvz,"My pub quiz for 8/12, answers in comments! Average score was 14 out of 24.",,https://imgur.com/a/L76b2,1512723219.0,67,0.93,59,CasualUK,Kerigorrical
7idj2w,Who's got snow then lads?,Walked to the gym in a good half-inch still coming down in the Isle of Man this morning. It was only in the midst of my treadmill sprints that I realised I should have done it outside for those Rocky IV gains.,https://www.reddit.com/r/CasualUK/comments/7idj2w/whos_got_snow_then_lads/,1512719342.0,61,0.92,112,CasualUK,[deleted]
7idhp0,Does anyone remember Hedgehog flavoured crisps?,,https://i.redd.it/ds8jdohzjn201.jpg,1512718826.0,90,0.96,29,CasualUK,Mat74UK
7id8dd,"Back by popular demand : Naked Mod Friday. This week's mod is HPB, riding a bear and wielding dual PPSh41 sub-machine guns.",,https://i.imgur.com/q9fCyp2.jpg,1512715473.0,149,0.87,33,CasualUK,HPB
7i9lya,Selling things on Gumtree is going well,,http://imgur.com/wCFMRlF,1512680935.0,122,0.96,24,CasualUK,lemmy454
7i9jjv,Mad scenes in the North West today. Stay safe everybody.,,https://i.imgur.com/FmChFod.jpg,1512680255.0,1051,0.98,91,CasualUK,lukejames1111
7i9eyr,Not sure how I feel about the Roses chocolate wrapping,,https://imgur.com/NNSSlrt,1512678884.0,67,0.9,42,CasualUK,[deleted]
7i8ggh,Why the UK Runs Trains to Nowhere,,https://www.youtube.com/watch?v=5KiZGRA_yCE,1512670909.0,68,0.98,41,CasualUK,itsbri
7i88o9,Poshest crisps ever?,,https://i.redd.it/4reog6r9hj201.jpg,1512669415.0,326,0.99,54,CasualUK,magsan
7i84dh,This bus has USB charging ports... What a time to be alive!,[deleted],https://imgur.com/NmD46FQ,1512668419.0,304,0.97,112,CasualUK,[deleted]
7i6kn4,Sir Ian McKellen on the tube.,,https://i.redd.it/fk5saavw0i201.jpg,1512654650.0,161,0.86,46,CasualUK,[deleted]
7i5ufu,Met office app keeps warning me about yellow snow...think I'll stay indoors this weekend.,,https://i.redd.it/tuohxz9vlh201.png,1512646742.0,260,0.97,30,CasualUK,Hydrogen_Slush
7i5grk,The weather forecast looking good for friday,,https://imgur.com/a/tLZA9,1512641597.0,79,0.97,30,CasualUK,musthavemouse
7i5845,Pointless round questions that don't have any Pointless answers shouldn't exist,"Kinda defeats the purpose and challenge, doesn't it? Especially when it's linked to how much the jackpot is.

Also, rounds where every answer is a high score can get right out. Usually those picture rounds. Why is there even an option for one where the answer is worth 100 points? There's no benefit!",https://www.reddit.com/r/CasualUK/comments/7i5845/pointless_round_questions_that_dont_have_any/,1512637970.0,115,0.99,57,CasualUK,The_Ion_Shake
7i4x44,The last of the leaves,,https://i.redd.it/h5ebjbdahg201.jpg,1512633179.0,149,0.98,11,CasualUK,Jorvikson
7i4iim,A ¬£1 coin cut to make the Queen appear to smoke a joint,,https://i.redd.it/b6hz3xjd1d201.jpg,1512627486.0,2144,0.93,99,CasualUK,ye_ma
7i1hme,How many Dave Gorman fans have we got here?,"There have been some brilliant episodes so far this series, yesterday's was hilarious! Brilliant programme, probably deserves to be on a bigger channel imo.",https://www.reddit.com/r/CasualUK/comments/7i1hme/how_many_dave_gorman_fans_have_we_got_here/,1512597240.0,77,0.83,46,CasualUK,[deleted]
7i0wi1,"I am not even mad, this is amazing",[deleted],http://www.telegraph.co.uk/news/2017/11/21/oxford-graduate-sues-university-1million-did-not-get-first-class/,1512592519.0,81,0.87,36,CasualUK,[deleted]
7i0oss,The REAL Great British divide,,https://vgy.me/C8288r.jpg,1512590862.0,309,0.96,77,CasualUK,Eliteclarity
7hyec4,"Since we're posting dogs I thought I'd post my dog, Dave the council worker",,https://i.imgur.com/yVGWqel.jpg?1,1512570808.0,382,0.99,16,CasualUK,JackVS1
7hxvqv,"Man creates a fake restaurant based in his shed, and makes it into the #1 ranked restaurant in London on TripAdvisor in 6 months, without serving a single actual customer.",,https://www.vice.com/en_uk/article/434gqw/i-made-my-shed-the-top-rated-restaurant-on-tripadvisor,1512565489.0,758,0.98,44,CasualUK,Ractrick
7hxdg4,The average flag of the world,[deleted],https://i.redd.it/f63y04or36201.png,1512558770.0,139,0.97,34,CasualUK,[deleted]
7hxdds,I've been photographing lost objects since 2007. Here's a gallery of some i've snapped in the UK.,,https://imgur.com/a/FH7iM,1512558743.0,174,0.94,70,CasualUK,Dr-Werner-Klopek
7hwzlh,That must've been one wild party.,,https://imgur.com/2eX7Zir,1512552840.0,2079,0.94,73,CasualUK,oniwastaken
7hwyge,Is this note passive aggressive enough for you?,[deleted],https://i.redd.it/8vozi80ys9201.jpg,1512552337.0,140,0.93,27,CasualUK,[deleted]
7hwxuu,Anyone here adopted?,"After a fantastic episode of I'm a Celebrity, I watched a show called 'Finding Me A Family' and it was about the 2,000 children currently in care, waiting to be picked by a family, sort of like how you would pick a dog in a rescue center. 
 
I myself had to go through this unusual process when I was a nipper, with my siblings. As there were four of us at the time, no family wanted to take four potentially problematic kids home with them. They were quite unruly children, bags of energy, racing around like greyhounds and were subsequently snapped up by various families, and I haven't seen / heard from any of them ever since and vice versa. I, unfortunately, suffered the brunt of the physical abuse from my Mother's then boyfriend who was a drug dealer and a drunk, which made me terrified of adults. Whenever anyone tried to come and have a chat, I would run away and hide. Thankfully this lovely pair (Mum &amp; Dad) decided to take the broken kid home with them (even if I spent a good few weeks hiding under my new bed) and thankfully I haven't turned out too unusual (I think). 
 
It's not really something I bring up unless specifically asked about my family, so I wanted to ask the question to see if anyone else here is adopted and if they would be willing to share their story, either in this thread or PM or whatever. 
 
It was a really fantastic show that Channel 4 did there. fully recommend it. And for anyone who wants kids but for whatever cannot do so naturally, there are thousands of nippers waiting to find their Mum &amp; Dad.",https://www.reddit.com/r/CasualUK/comments/7hwxuu/anyone_here_adopted/,1512552061.0,108,0.94,52,CasualUK,[deleted]
7hwu7b,Found some abandoned British WW2 defensive bunkers that are falling into the North Sea whilst out on a survey,,https://imgur.com/a/zghsH,1512550463.0,158,0.97,67,CasualUK,271828_271828_271828
7hs79p,Uninsured driver pulled over by Police is collected by drunk driving friend who is also uninsured on M1.,,https://www.yorkshireeveningpost.co.uk/news/drunk-driver-turns-up-to-collect-uninsured-friend-from-police-stop-near-leeds-1-8894053,1512502934.0,89,0.98,14,CasualUK,XisanXbeforeitsakiss
7hqwgt,I would like to nominate the very slow horsebox driver who pulled over to let a queue of cars past today for person of the year,o7 thank you for your service,https://www.reddit.com/r/CasualUK/comments/7hqwgt/i_would_like_to_nominate_the_very_slow_horsebox/,1512492281.0,57,0.9,8,CasualUK,Nicksaurus
7hq6pt,All I want when I've got a meeting in London,,https://i.imgur.com/Obfww9K.jpg,1512486019.0,1911,0.95,86,CasualUK,UncleArthur
7hq4gm,Cheers mum.,,https://i.redd.it/rvy7pfq6a4201.jpg,1512485428.0,275,0.99,12,CasualUK,electricrailway
7hpzjp,What's the point of breaded ham?,"Why would anyone want this strange, tasteless, bright orange paste smeared on the outside of their ham? It literally does nothing to improve it whatsoever.",https://www.reddit.com/r/CasualUK/comments/7hpzjp/whats_the_point_of_breaded_ham/,1512484048.0,179,0.96,55,CasualUK,Overflooow
7hpueq,Toby from the PR team at DAVE has ranked biscuits... He should be fired.,,https://i.imgur.com/hxbsqvT.jpg,1512482633.0,222,0.9,152,CasualUK,shouston10
7hpjek,Hit the McCoy's mother crisp at lunch today,,https://i.redd.it/3hz9ck1nr3201.jpg,1512479230.0,413,0.97,59,CasualUK,baaaaaaaaaaaaaaaaaab
7hp1kt,eBay are being rather presumptuous with their emails...,,https://i.redd.it/ii9xa0jv73201.png,1512472620.0,221,1.0,9,CasualUK,ElGeorgeo
7hoe4l,Passive aggressive note regarding mugs in the office,,https://i.redd.it/wzq7qylge2201.jpg,1512462664.0,480,0.9,86,CasualUK,riising
7hm713,Expat in Japan here. Got a quality gift from my Reddit secret santa. He or She knows the way to this Brits heart (and stomach),,https://imgur.com/uSlVLL9,1512437225.0,236,0.98,43,CasualUK,mankindmatt5
7hle2g,train super heros,,https://i.redd.it/0om3gp2woz101.jpg,1512429848.0,185,0.97,32,CasualUK,EdwardTennant
7hjh6t,Spotted in Edinburgh airport today...,,https://i.redd.it/8b3tinq0ey101.jpg,1512414071.0,317,0.99,40,CasualUK,itoodovoodoo
7hip62,Has our love of wheelie bins gone too far?,,https://i.imgur.com/sFgVklR.gifv,1512407639.0,479,0.98,46,CasualUK,Cervix-Pounder
7hiolt,Bought this for a quid today - absolutely beaming about it.,,https://i.imgur.com/zWu5CXJ.jpg,1512407488.0,94,0.95,33,CasualUK,loudribs
7hiav2,I can think of worse ways to go.,[deleted],https://i.imgur.com/2eiajO4.jpg,1512404046.0,154,0.94,8,CasualUK,[deleted]
7hi4z7,The perils of Bath xmas market,,https://imgur.com/wBzyf7h,1512402589.0,243,1.0,16,CasualUK,weedkrum
7hi1fv,Get on my Christmas level - homemade mince pies with homemade mincemeat,[deleted],https://i.redd.it/utq1p4s4dx101.jpg,1512401668.0,106,0.97,42,CasualUK,[deleted]
7hhsv7,Why has Dick and Dom in the bungalow not come back yet ?,"edit: Da. But you can't edit titles. k.
",https://www.reddit.com/r/CasualUK/comments/7hhsv7/why_has_dick_and_dom_in_the_bungalow_not_come/,1512399423.0,72,0.86,36,CasualUK,SSammyJ
7hhkit,Took this ultra close-up shot of a 5p coin,,https://i.redd.it/7738ary8zw101.jpg,1512397016.0,128,0.95,27,CasualUK,RDHertsUni
7hhgko,Is it an apple? Is it a pear? No it's P'Apple!,[deleted],https://i.imgur.com/ZjS01AQ.jpg,1512395860.0,166,0.98,52,CasualUK,[deleted]
7hhfg6,Aldi to give away all its unsold fresh food to 'less fortunate individuals' on Christmas Eve,,http://www.independent.co.uk/news/uk/home-news/aldi-food-christmas-eve-give-away-less-fortunate-food-banks-tesco-sainsbury-lidl-a8088511.html,1512395526.0,108,0.95,24,CasualUK,[deleted]
7hh78k,Good fucking god.,,https://i.redd.it/ozoinav7nw101.jpg,1512392954.0,1141,0.95,144,CasualUK,Jordanbvb09
7hgxvj,I never did check the protein content,,https://i.imgur.com/oUtJsL4.jpg,1512389687.0,76,0.92,19,CasualUK,Unspirationaltosspot
7hgx0a,Another stellar effort this year from Tadcaster Council.,,https://i.imgur.com/FW3xr4W.jpg,1512389365.0,530,0.99,35,CasualUK,KiiWii2029
7hgohi,So what‚Äôs the deal with kids now running out in front of traffic on purpose?,"Not sure if this is UK wide or just in the area I live, but recently I‚Äôve had 3 or 4 near misses with young teens/kids running out in front of my vehicle on purpose, making you slam your brakes on.  Only reason I didn‚Äôt hit the last kid was because he kept running in the same direction as my car (so he ran out in front of my car and then kept running down the road following the lane of traffic!).  If he‚Äôd tripped he would have went under the front bumper for sure.  Also, as a side note, even the ones who aren‚Äôt doing it on purpose just kind of meander as slowly as possibly once they realise you‚Äôre there, staring at you the whole time in some kind of weird defiance.

Any teens on here that can offer an explanation?",https://www.reddit.com/r/CasualUK/comments/7hgohi/so_whats_the_deal_with_kids_now_running_out_in/,1512385990.0,106,0.99,95,CasualUK,[deleted]
7hgofb,"nah serious talk, have wagon wheels always been this small??",[deleted],https://i.redd.it/dlbh2wq82w101.jpg,1512385965.0,243,0.97,64,CasualUK,[deleted]
7hggy5,'Tis the season!,"I'll be having my 4th Christmas party since I left Uni, and it's at my 3rd place of work. So far I have experienced a wide yet incredibly similar range of Christmas activities, office to office. 
 
_________________________________________________ 
 
**The Christmas Counter** 
 
What's the time Debbie? ""It's 21 days until Christmas!"" comes the reply. Debbie has been doing this since mid-August and her desk resembles Santa's grotto. If she's not singing ""deck the halls"", she's offering out gingerbread like it was Hansel and Gretel's wet dream. 
 
*Debbie is usually single and lives with seven cats, all named after reindeer. Occasionally you hear her sobbing in the bathroom*.  
 
__________________________________________________
 
**The Christmas Jumper** 
 
It's time to prove once and for all that you are the most outgoing and fun person in the office. ""Yippee!"" you cry, as you don the most garish and obtuse knitwear you can find. You can't let sue outshine you again with her reindeer jumper that sung ""Jingle Bells"" in Stephen Hawking's voice every time you walked past her.  
 
*You usually stop to coo over the little baby elf outfits and look forward to having a little chunk you can dress up like a twat at Christmas in the future*. 
 
__________________________________________________
 
**Secret Santa** 
 
The budgets have been set at a modest ¬£10 but you've unfortunately drawn the forty year old married lady whom you've spoken to once or twice in the past six months. What to get her... Do you try and be funny, get her a massive vibrator? No, you don't know if she's getting none at home, might be an insensitive gift that ends with a trip to HR... Do you get actual nice things like a book and candle? But what if everyone else gets funny presents and mine is all proper... I guess it doesn't really matter, no one will know it's me. I'll get her a vibrator and a candle. Done. 
 
__________________________________________________
 
**The Christmas Meal** 
 
The bossy one in your team has picked the venue and it's a slightly upmarket carvery, where poor, fat, white people go to gorge on low quality cuts of meat soaked in runny gravy. Despite pretending to love Christmas dinner, you quietly acknowledge that it's the worst of Sunday roasts. Turkey is sub-par and if you wanted a dry old bird you would have been a bit more flirty with Doris when you helped her cross the road. 
 
The boss wants to prove that he isn't a cheapskate but fails to do so by ordering a single bottle of ""sparkling grape wine"" and sharing a thimble out among the team before making it all about him in his grand speech about what a wonderful work place it is. 
 
__________________________________________________ 
**The Christmas Party** 
 
The tunes are on, the DJ looks alarmingly like the cleaner and everyone has squeezed their flabby old bodies into clothes that haven't fit them since they were teenagers. Time to make awkward small talk until you're drunk enough to tell Sue that her laugh makes you want to scratch your eyes out but you'd still sling one up her regardless.  
 
___________________________________________________________________________ 
 
What's Christmas like for you?",https://www.reddit.com/r/CasualUK/comments/7hggy5/tis_the_season/,1512382677.0,94,0.94,44,CasualUK,[deleted]
7hg96k,Why is suddenly ok for people to let their dogs shit everywhere. (Are rants ok?),"Seriously, its eveywhere and its fucking disgusting. I have to walk my 8 year old sisters to the bus stop for school every morning and its already like wrangling two retarded ferrets without having to play dodge the dump all the way there. It looks like Hansel &amp; Gretel got lost in the valleys and decided to leave a bread crumb trail of shit all the way back to Cardiff where they were thrown off the ferry for trying to pay with dog toffee. What is it about winter time where dog walkers (I know not all of you do it but apparently enough of you do) think ""Nah its too cold, I don't need any baggies, it'll freeze before anyone steps in it"". I've trod in it twice today alone and had a few near misses too. I've seen kids having a stone/snow ball fight pick up a fresh'un and hit another kid in the chest with it (It was like watching the german version of Bullseye but part way in someone shouts ""WHAT THE FUCK, DAN, THATS FUCKING DISGUSTING!""). TLDR: Pick up your dog shit, fuckers, or someone else will do it for you.",https://www.reddit.com/r/CasualUK/comments/7hg96k/why_is_suddenly_ok_for_people_to_let_their_dogs/,1512379256.0,582,0.93,289,CasualUK,Ewrm
7hg8iw,Help needed with crazy bus woman,[deleted],https://www.reddit.com/r/CasualUK/comments/7hg8iw/help_needed_with_crazy_bus_woman/,1512378944.0,110,0.95,81,CasualUK,[deleted]
7hfha9,"Fell asleep cooking my lasagne guys, RIP. Now I'm annoyed and hungry.",,https://i.redd.it/evclnuxfju101.jpg,1512367483.0,212,0.98,43,CasualUK,OiCleanShirt
7hczof,"Forgot about these cards, simpler times üôÉ",,https://i.redd.it/f1qbs9iacs101.jpg,1512340862.0,60,0.94,45,CasualUK,Davga-Lacra
7hczi2,ROBOT WARS WAS TOTALLY WICKED,,https://www.reddit.com/r/CasualUK/comments/7hczi2/robot_wars_was_totally_wicked/,1512340812.0,77,0.96,34,CasualUK,gsurfer04
7hbzlm,Getting ready for Christmas,,https://i.redd.it/8325v9x4lr101.jpg,1512331720.0,161,0.97,48,CasualUK,Winston_Hitler
7hbk21,"According to M&amp;S, this is a pie...",[deleted],https://i.redd.it/q38gpkgo9r101.jpg,1512327882.0,58,0.93,17,CasualUK,[deleted]
7hb9na,Countryside bants,,https://i.redd.it/d14pe58i1r101.jpg,1512325229.0,114,0.96,13,CasualUK,2dogsandpizza
7hahtq,"Sorry if i'm a being a dickhead but ""Flight of the navigator"" is about to start on FILM4+1","It's my favourite film and they never bloody show it *ever*.

last time i saw it on tv was probably 8 years ago, anyways if your interested enjoy!!",https://www.reddit.com/r/CasualUK/comments/7hahtq/sorry_if_im_a_being_a_dickhead_but_flight_of_the/,1512317941.0,65,0.94,17,CasualUK,[deleted]
7hafmx,"Right, who's been fucking about in the Upside Down?",,https://i.imgur.com/Siml7AV.jpg,1512317307.0,273,0.98,34,CasualUK,GregorF92
7ha16y,British Porno,,https://i.redd.it/jtwlziia1q101.jpg,1512312936.0,684,0.98,88,CasualUK,lewisstrang1
7h96m5,Do you think shops should be allowed to open longer on Sundays?,"Whenever I speak to people, they always say how much they wish that they could go shopping earlier or later on Sundays. I myself wish I could just nip to Tesco or Sainsbury's at 7pm on a Sunday if there's something I need and the amount of times I've gone out to the shop at 4.30pm on a Sunday and completely forgotten about Sunday hours! 

But when I worked in retail, I loved the fact we didn't open past 4 on a Sunday. So I can sort of see the other side as well!

What does /r/CasualUK think?",https://www.reddit.com/r/CasualUK/comments/7h96m5/do_you_think_shops_should_be_allowed_to_open/,1512300240.0,92,0.98,108,CasualUK,Airesien
7h8yjo,"Now then, now then-",[deleted],https://i.redd.it/lzd0xhqwmo101.jpg,1512295993.0,79,0.98,15,CasualUK,[deleted]
7h8q5l,EVERYONE PANIC,,https://i.redd.it/d85q7fue9o101.jpg,1512291453.0,9384,0.94,533,CasualUK,[deleted]
7h5sth,Gotta love pub toilet graffiti,,https://i.redd.it/r65nbwue6l101.jpg,1512254173.0,282,0.98,10,CasualUK,sprogger
7h5psd,A conversation between a man and my local bus company,,https://i.redd.it/sd6963yv3l101.jpg,1512253276.0,471,0.98,14,CasualUK,kuumur
7h45ks,A Casual Introduction,"By way of introduction: I'm a 30 something American who married a Brit in 2008. For the last ten years, we've been living in New York state in the US, with our oldest 2 children, born in the UK, and our youngest, who has dual US/UK citizenship. In May, we returned to the UK and are now living in the West Midlands. 

Just wanted to say hello, and offer to buy the first round if we ever meet in real life. And yes, your plugs and bacon are leagues ahead of ours.",https://www.reddit.com/r/CasualUK/comments/7h45ks/a_casual_introduction/,1512238025.0,56,0.95,40,CasualUK,amanforallsaisons
7h400x,The Americans are at it again,,https://www.reddit.com/r/food/comments/7h305x/homemade_toad_in_the_hole/,1512236530.0,167,0.98,66,CasualUK,SgtAngua
7h3wlt,I‚Äôd go on the piss with Harry.,,https://i.redd.it/zxwe1m8dnj101.jpg,1512235612.0,1368,0.97,86,CasualUK,DanHawkins
7h3p9i,I put my Christmas lights up today.,,https://i.redd.it/d1q5b6nihj101.jpg,1512233644.0,151,0.96,32,CasualUK,wasNowtbut69
7h3im4,Northern train guards are a better breed,,https://i.imgur.com/zfU47mi.jpg,1512231790.0,117,0.94,16,CasualUK,Sandokhanu
7h3el0,Man arrested for 'flashing' his penis - but it turns out to be a sausage roll,,http://www.chroniclelive.co.uk/news/north-east-news/daniel-proctor-greggs-sausage-roll-13983574,1512230632.0,144,0.97,19,CasualUK,NEWSBOT3
7h3cnt,My dishwasher display broke and now it thinks it‚Äôs American,,https://i.redd.it/zfakdzww6j101.jpg,1512230078.0,152,0.98,14,CasualUK,grumpymcgrumpface
7h3bmx,Bomb squad,,https://imgur.com/8O2Lx9e,1512229770.0,61,0.99,7,CasualUK,[deleted]
7h2c4b,The North: it's shit but can still scrub up nice on a Friday night.,,https://i.redd.it/glmvqkhp3i101.jpg,1512216948.0,142,0.93,38,CasualUK,Slanderous
7h24qs,Year Abroad/Undercover Brit Update : My mum is a five-star mum.,[deleted],https://imgur.com/lp7NLsG,1512213390.0,2340,0.93,67,CasualUK,[deleted]
7h1rx9,You thought London pigeons were ballsy. I introduce Cardiff gulls.,,https://i.redd.it/hk2dkag69h101.jpg,1512206628.0,68,0.94,15,CasualUK,DanHawkins
7gzoq6,"This is my Senator. I sold it to a man I met at Tescos for ¬£1,200.",,https://upload.wikimedia.org/wikipedia/commons/c/cd/VauxhallOpel_Senator_Cambridge_1988.JPG,1512177720.0,631,0.91,62,CasualUK,nliausacmmv
7gz0dd,Took this forever ago but only recently discovered this subreddit. How Tescos dealt with a car exploding in their car park,,https://i.redd.it/bu1y2maoae101.jpg,1512170839.0,151,0.95,14,CasualUK,BaronessMononoke
7gych4,me irl...,,https://imgur.com/a/xBBje,1512164748.0,158,0.99,6,CasualUK,chipper85
7gy0z9,"A dangerous, cruel profession",,https://i.imgur.com/GMihccM.jpg,1512161970.0,79,0.99,9,CasualUK,saladinzero
7gxqwj,"This is Todd Stitzer, the CEO of Cadbury, He raised the price of Freddos to way too bloody much. Tell him we will not stand for this!",[deleted],https://www.newstatesman.com/sites/default/files/styles/nodeimage/public/articles/2010/20100119_todd_stitzer%2C_ceo_%26_fairtrade_bars_%26_pod_w.jpg?itok=xiPy9cDM,1512159590.0,282,0.97,27,CasualUK,[deleted]
7gxlhk,Someone produced this as ID today.,[deleted],https://imgur.com/w4xxSuV,1512158327.0,565,0.98,37,CasualUK,[deleted]
7gvw0o,BBC already dumping the bad World Cup games to their ‚Äòfriends‚Äô in ITV,,https://i.redd.it/wdwkz2tx2c101.jpg,1512143993.0,293,0.98,32,CasualUK,legendfriend
7gv3ls,"This is where we make the tea at work. Has anyone got a skankier ""kitchen""?",,https://i.imgur.com/m3JOePC.jpg,1512136549.0,62,0.94,40,CasualUK,snotfart
7guxx6,From the supermarket which brought you foot long sausage rolls...,,https://i.imgur.com/o5Ll3B7.jpg,1512134785.0,126,0.99,22,CasualUK,Stormphoenix82
7guoy0,relatable,,https://i.redd.it/28h5ua6e2b101.jpg,1512131703.0,3092,0.96,181,CasualUK,thearguablepear
7gui3u,Another unique British idea- A Land Rover Series IIA fitted with a Cuthbertson track conversion,,https://i.imgur.com/5ZRVTj7.jpg,1512129082.0,62,0.97,9,CasualUK,Jimmyjamjames
7guc2c,"If route 222 went to Tooting, at every bus stop, the automated bus stop announcer would go: tu-tu-tu-tu-tuTing",,https://www.reddit.com/r/CasualUK/comments/7guc2c/if_route_222_went_to_tooting_at_every_bus_stop/,1512126500.0,258,0.98,25,CasualUK,Epileptic_Ebola
7guamk,"This weeks pub quiz, the winning score was 17 out of 24. Answers in comments :)",,https://imgur.com/a/PjthT,1512125906.0,80,0.98,62,CasualUK,Kerigorrical
7gtxpr,"When you remember to buy deicer, but not a scraper",,https://i.redd.it/ke9mfxil3a101.png,1512120002.0,199,0.96,49,CasualUK,LJ-Tibbs
7gtqhs,"Unsurprisingly, No.1 on BBC Most Watched - Cop Tasers Partner",,http://www.bbc.co.uk/news/av/world-us-canada-42190886/officer-accidentally-tasers-partner,1512116626.0,95,0.99,30,CasualUK,Astropoppet
7gth5u,A woman in my office is complaining about how her shoes are not ideal for these icy conditions.,She needs to get a grip.,https://www.reddit.com/r/CasualUK/comments/7gth5u/a_woman_in_my_office_is_complaining_about_how_her/,1512112721.0,758,0.93,79,CasualUK,kitjen
7gt68n,It's December 1st. You know what that means...,"...advent chocolate! 

What brand advent calanders have you guys got this year?",https://www.reddit.com/r/CasualUK/comments/7gt68n/its_december_1st_you_know_what_that_means/,1512108989.0,68,0.96,129,CasualUK,meteoritee
7goxdp,You just have to appreciate the NHS.,[removed],https://www.reddit.com/r/CasualUK/comments/7goxdp/you_just_have_to_appreciate_the_nhs/,1512070471.0,56,0.87,38,CasualUK,[deleted]
7gnbog,"Just tried a few British Citizenship tests. Can confirm, not British. :(","I'll get me coat. [Have a go.](http://www.lifeintheuktestweb.co.uk/)

No Greggs questions either.",https://www.reddit.com/r/CasualUK/comments/7gnbog/just_tried_a_few_british_citizenship_tests_can/,1512057748.0,56,0.96,57,CasualUK,HarryPoland
7gmn3f,"No, Walls! A single sausage does not an 'All Day Breakfast' make!",,https://i.redd.it/rdlppxzbg4101.jpg,1512051687.0,95,0.94,27,CasualUK,JimmerUK
7gmgxl,British pugs are the best in the world!,,https://i.redd.it/mald8myjb4101.jpg,1512050065.0,92,0.84,18,CasualUK,[deleted]
7gm9bj,The original snap back.,[deleted],https://imgur.com/dAfQecU,1512047877.0,63,0.94,5,CasualUK,[deleted]
7glk37,The ultimate reward of a good night out on the lash,,https://i.redd.it/9ymkdcsmf3101.jpg,1512039299.0,175,0.93,36,CasualUK,GRI23
7glhkn,I love it when a town's name is this literal.,,https://i.redd.it/26khsgokc3101.png,1512038308.0,343,0.99,115,CasualUK,[deleted]
7glfbl,British plugs are the best in the world!,,https://i.redd.it/5kbly532a3101.jpg,1512037433.0,9731,0.93,425,CasualUK,Ponkers
7gl59b,My uni campus this morning. It's officially time for the country to go into meltdown over a tiny bit of snow!,,https://i.redd.it/h61h3t1ky2101.jpg,1512033559.0,214,0.97,85,CasualUK,a_cameronh
7gl1dh,Classic Greggs,,https://imgur.com/ULCFhSF,1512032091.0,159,0.92,19,CasualUK,_rickjames
7gkvtu,What does fresh veg like to watch on daytime telly?,,https://imgur.com/JYBh3Nm,1512029928.0,201,0.93,5,CasualUK,muesli4brekkies
7ggqme,Cards done..,[deleted],https://i.redd.it/mtgbedezcz001.jpg,1511990002.0,66,0.87,5,CasualUK,[deleted]
7ggpeo,ASDA substitution logic: this shit does not equate to one of Terry's glorious Chocolate Oranges.,,https://imgur.com/PVDmJtK,1511989708.0,62,0.94,31,CasualUK,TomboKing
7gfpc7,The Google Streetview person turns into the Queen when hovering over Kensington Palace,,https://i.redd.it/kwg4grsbpy001.jpg,1511982140.0,448,0.99,27,CasualUK,gurnica
7gfhyu,"Stanley Kubrick, on set in the UK, discussing the issue of excessive tea breaks",,https://streamable.com/seyn1,1511980569.0,106,0.97,22,CasualUK,MrJohz
7gfgs9,British plugs are the best in the world!,,https://i.redd.it/a2fyhpj3jy001.jpg,1511980318.0,3262,0.88,507,CasualUK,[deleted]
7gen0b,Punny shop name,,https://i.imgur.com/cbU96Vd.jpg,1511974033.0,236,0.98,21,CasualUK,Squif-17
7gd50s,"When the Mercury value is high, and you go...",,https://i.redd.it/67v9tbstyw001.jpg,1511961082.0,68,0.9,13,CasualUK,MellotronSymphony
7gd0xd,I'm about to officially be one of you!,,http://imgur.com/83i9WIm,1511959990.0,1055,0.94,339,CasualUK,QuoyanHayel
7gcn83,Distilled non-alchoholic spirits? ¬£26!? I hope I am missing something; or is Tesco having a laugh selling bottles of distilled water for an extortionate amount of money? With added herbs...,,https://i.redd.it/2mibzfwghw001.png,1511955776.0,250,0.98,109,CasualUK,Teppic47
7gcmuo,Curry Leftovers For Breakfast Anyone?,"Half a bhaji, a piece of Tandoori Chicken, a hefty portion of sauce and some bread. Anyone in to this? 
I just can't let a good curry go to waste.",https://www.reddit.com/r/CasualUK/comments/7gcmuo/curry_leftovers_for_breakfast_anyone/,1511955628.0,75,0.93,45,CasualUK,R-Didsy
7gck5m,Explosion in Burnley pie factory causes ¬£3.14159265359 of damage,[deleted],https://rochdaleherald.co.uk/2017/11/28/explosion-in-burnley-pie-factor-causes-3-14159265359-of-damage/,1511954684.0,386,0.94,40,CasualUK,[deleted]
7gbw26,Merry Pringles,,https://twitter.com/irish_dinosaur/status/274210305515614208?lang=en,1511945759.0,113,0.95,34,CasualUK,[deleted]
7gbpaw,Poundland Special: Bog Roll Police Candle Crowns | Ashens,[deleted],https://www.youtube.com/watch?v=C_LUYWt0k9g,1511943094.0,88,0.96,28,CasualUK,[deleted]
7gblwz,"Meanwhile, on google street view",[deleted],https://i.redd.it/al916rtrdv001.png,1511941840.0,591,0.94,49,CasualUK,[deleted]
7g8kii,"Not too shabby Audrey, keep it up!",,https://i.imgur.com/wSXWTPJ.jpg,1511911889.0,195,0.98,40,CasualUK,SupUpLad
7g6zid,Science has gone too far,,https://i.redd.it/5zpq7f7rvr001.jpg,1511899441.0,327,0.96,46,CasualUK,Scooty_Puff_Senor
7g6nx7,Which cup of tea is correct?,,https://i.imgur.com/jEvtVL9.png,1511896939.0,159,0.92,141,CasualUK,itsaride
7g6n7g,"[Civ VI] Playing England, it's meant to be",[deleted],https://imgur.com/a/uIYgy,1511896789.0,66,0.92,38,CasualUK,[deleted]
7g5u5r,A dogs favourite snack?,,https://i.redd.it/pjo1gjwh5r001.jpg,1511890608.0,218,0.95,40,CasualUK,Immortal_Jaz
7g57qt,Greggs outrage!,,https://i.redd.it/vo946jyqqq001.jpg,1511885650.0,70,0.91,38,CasualUK,[deleted]
7g4dec,Kiki's favourite 2pm sleeping position,,https://i.redd.it/cbm8hzsb4q001.jpg,1511878123.0,96,0.95,28,CasualUK,TheAmazingSausage
7g3p71,"TIL two hair salons in the UK have started to include a ""quiet chair"" for people who don't want to engage in small talk while getting their hair cut.",,https://mic.com/articles/129322/hair-salons-quiet-chair-option-finally-relieves-us-of-chitchat-pressure#.2QycwNRG3,1511870778.0,75,0.97,36,CasualUK,quinn_drummer
7g3mur,Theyre crisps dang namit!!,[deleted],https://imgur.com/HRwllkH,1511869989.0,205,0.95,49,CasualUK,[deleted]
7g3e5u,Top quality business pun,,https://imgur.com/GbOG6LK,1511866887.0,143,0.99,18,CasualUK,fireball_73
7g3cvd,"This nonsense has gone far enough, time to stop",,https://i.imgur.com/OgHMGez.jpg,1511866410.0,230,0.94,43,CasualUK,GrumpyYoungGit
7g37qz,"‚Ä¢ BBC announces ""Alan Partridge: Why, When, Where, How and Whom?"" to air at Christmas.",,http://www.bbc.co.uk/mediacentre/mediapacks/xmas17tv/bbctwo,1511864414.0,100,0.97,23,CasualUK,[deleted]
7g2rox,Absolute filth!,,https://i.redd.it/ddlfica0ho001.jpg,1511858164.0,192,0.94,11,CasualUK,zeropoundpom
7g2hnu,This is what BT's 50mb fibre looks like,,https://i.redd.it/dt1dq20w5o001.png,1511854420.0,1726,0.93,409,CasualUK,computertovey
7fz9va,I‚Äôll be out of the country so don‚Äôt really care either way,,https://i.redd.it/d6qk2v68ll001.jpg,1511823258.0,66,0.96,12,CasualUK,andysood1980
7fxbq7,Sacrilege I say!,,https://i.redd.it/2u250cjmbk001.jpg,1511807921.0,672,0.96,68,CasualUK,Immortal_Jaz
7fwnee,"No Charlie Brooker's 2017 Wipe this year, though there will be a 5-part Philomena Cunk series!",,https://twitter.com/charltonbrooker/status/935186810602508293,1511802661.0,66,0.96,40,CasualUK,Tookin
7fwis2,The word 'cockwomble',I have never seen anyone use this word other than on Reddit. I believe it is used by Brits who are pandering to Yanks or Yanks posing as Brits. Or annoying Brits who watch Dave and Red Dwarf and like real ale and tried but failed to enter Robot Wars.,https://www.reddit.com/r/CasualUK/comments/7fwis2/the_word_cockwomble/,1511801642.0,204,0.93,106,CasualUK,[deleted]
7fw2l2,Just p-p-p-picked up a Penguin for the first time since I was about twelve... Had forgotten about the shite jokes!,,https://i.redd.it/dv9it3kxhj001.jpg,1511797940.0,359,0.98,28,CasualUK,Meear
7fvv4r,When running a railway line doesn't pay the bills anymore so you have to branch out.,,https://imgur.com/62rtCKB,1511796141.0,561,0.99,16,CasualUK,Sir_Newty_Newt
7fvbpq,These new Sun Lollies taste like shit,,https://i.imgur.com/Lsx6aZL.jpg,1511791074.0,942,0.98,24,CasualUK,SupUpLad
7fv00d,"Coming up to carol season, stressing the S sounds in ‚ÄúWe wiSh you a merry ChriStmas‚Äù in your primary school choir",,https://www.reddit.com/r/CasualUK/comments/7fv00d/coming_up_to_carol_season_stressing_the_s_sounds/,1511787619.0,67,0.91,34,CasualUK,yagokoros
7fuju8,Just spotted my first ghost squirrel. Terrified.,,https://i.redd.it/l7reptrq6i001.jpg,1511782108.0,1634,0.94,58,CasualUK,HarryPoland
7fu6qb,Breaking news,Prince Harry and Meghan Markle are engaged.,https://www.reddit.com/r/CasualUK/comments/7fu6qb/breaking_news/,1511777273.0,64,0.69,157,CasualUK,gavingiant
7ftf4z,Does anyone else suddenly become a pro gourmand while watching master chef?,"I catch myself becoming extremely critical of some poor lass trying her best to impress those critics. ""Oh I wouldn't have bothered with the tuiles, what was she thinking"" or ""there is no way I would serve lamb that pink"". In reality I'm sat watching it eating cheese triangles on toastie bread. I'm the bottom rung of the culinary ladder.",https://www.reddit.com/r/CasualUK/comments/7ftf4z/does_anyone_else_suddenly_become_a_pro_gourmand/,1511766876.0,163,0.97,74,CasualUK,Grolion_of_Almery
7ftezt,"There are two types of people: sequential and concurrent eaters. I'm sequential, wondering how much of a minority that makes me.","Just curious, I eat my food in series one item at a time leaving the best for last, as does my daughter. My son, however, likes to eat all sorts of different thing on his fork at the same time!

Anyone else a sequential eater?",https://www.reddit.com/r/CasualUK/comments/7ftezt/there_are_two_types_of_people_sequential_and/,1511766828.0,54,0.92,129,CasualUK,ammobandanna
7fqn31,Throwback to that Saturday back in September,,https://i.imgur.com/vvKqCNv.jpg,1511737954.0,73,0.95,4,CasualUK,SupUpLad
7fp4b1,Christmas lights in Keynsham (Somerset),[deleted],https://i2-prod.bristolpost.co.uk/news/local-news/article834947.ece/ALTERNATES/s615b/Keynsham-Christmas-Lights-display.jpg,1511724582.0,80,0.99,2,CasualUK,[deleted]
7fp1yq,My mate has just informed me that there are Alpaca fancy dress events in the UK.,,https://i.imgur.com/hKrKBZe.jpg,1511724016.0,123,0.98,9,CasualUK,theartofrolling
7foy3s,How to tell if your working class town is about to be gentrified,,https://i.imgur.com/SguLwSk.jpg,1511723097.0,114,0.98,26,CasualUK,CaptainMcSmoky
7foxbf,TK Max catering to a specific audience,,https://i.redd.it/kc71xk9tad001.jpg,1511722900.0,111,0.97,3,CasualUK,[deleted]
7fostn,[NSFW]Ofcom's list of naughty words,,https://imgur.com/FyQhKpc,1511721811.0,497,0.99,189,CasualUK,HarryPoland
7fnl5i,What is this heresy.,,https://i.imgur.com/tcmrIuQ.jpg,1511710783.0,150,0.96,31,CasualUK,blooddiamond97
7fniyd,[NSFW] How is this okay to advertise on FB,,https://imgur.com/a/AVKLw,1511710183.0,63,0.92,30,CasualUK,[deleted]
7fn5ex,It's all kicking off in the Cotswolds,,https://i.redd.it/nqb3ygpwwb001.jpg,1511706122.0,117,1.0,17,CasualUK,richardthesmith
7fmo33,"My boyfriend acted like I was mental for not bagging the veg, but I know some of you get the Blue Planet guilt haha",,https://i.redd.it/n1u2gemweb001.jpg,1511700063.0,206,0.96,107,CasualUK,carabea293
7fm9gf,"You can filter r/all by US state, but not county? This is a disgrace!",,https://i.redd.it/hgy5fcjgwa001.png,1511693859.0,130,0.95,22,CasualUK,an_evil_eskimo
7flucm,Can't tell if this is cheese or a niche dating service.,,https://i.imgur.com/MbR30BM.png,1511686961.0,9731,0.93,107,CasualUK,Touched_Beavis
7flofu,Bogies,"I feel like we all forgot about the Great British past time of shouting bogies while out with friends.

God I miss Dick and Dom in da Bungalow",https://www.reddit.com/r/CasualUK/comments/7flofu/bogies/,1511684373.0,88,0.92,24,CasualUK,bluraychicken
7fizfj,This lad outside York Minster,,http://imgur.com/DksWbCc,1511653491.0,251,0.99,21,CasualUK,SupUpLad
7fijfi,The most stolen item in the history of the uk.,,https://i.redd.it/q270ntqo77001.jpg,1511649209.0,294,0.96,52,CasualUK,Kyledidntdoit
7fhsar,My favourite kind of curry,,https://i.imgur.com/O0ViXzu.png,1511641988.0,68,0.96,7,CasualUK,ChrissiTea
7fheip,Rate That Battlestation,,https://i.redd.it/puhlapa8b6001.jpg,1511638452.0,186,0.98,33,CasualUK,Xxviii_28
7fhdwm,These car park spaces at my local supermarket.,,https://i.redd.it/3yvltb18b6001.jpg,1511638297.0,118,0.97,31,CasualUK,hunterfam55
7fgyfy,It finally happened! This type of stock has been in the store for months now!,,https://i.redd.it/w6mh5n4kz5001.jpg,1511634367.0,314,0.98,13,CasualUK,Hotbathwot13
7fghgy,Girlfriend came back from TK Maxx with this earlier,[deleted],https://i.redd.it/0kyuksifm5001.jpg,1511629957.0,209,0.99,36,CasualUK,[deleted]
7fgg48,Gutted I missed this...,,https://i.imgur.com/r8nMhGp.jpg,1511629609.0,97,0.99,10,CasualUK,loudribs
7ffwr1,I recreated the Co-op logo with toilet roll.,,https://i.redd.it/jaau5a6z55001.jpg,1511624419.0,1295,0.98,44,CasualUK,HamishGray
7ffslm,Why The Germans Can't Get Enough Of English Markets,,https://youtu.be/f6m9tvs3PhU,1511623282.0,364,0.98,48,CasualUK,[deleted]
7ffqdn,The town I'm visiting is celebrating some kind of festival,,https://i.imgur.com/FeQOdBE.jpg,1511622640.0,65,0.99,14,CasualUK,Glurt
7ffpp8,North Korea flag seen flying in Newcastle,,https://i.redd.it/qk0jtuo405001.jpg,1511622453.0,80,0.97,12,CasualUK,ossietheowl
7ff1yj,"CasualUK, show us your bookshelves!",,https://imgur.com/UC4o917,1511614770.0,74,0.95,101,CasualUK,cryptus
7ff1ib,These are Yorkshire puds according to Tesco...,,https://imgur.com/NBYJNDc,1511614602.0,66,0.95,33,CasualUK,iHeartMila
7fet47,Northerner in London.,"Guys I need your help. I got to London on the way to Twickenham. As I'm from Durham I took the Northern Line as it's for Northerners but I keep going between places called High Barnet and Morden. 

I'm not getting closer to Twickenham.

I keep asking people but they say things like ""Fack orf yew cant"" and ""Fackin nawven mahnkee"" and I can't find anyone who speaks English.

Any tips?",https://www.reddit.com/r/CasualUK/comments/7fet47/northerner_in_london/,1511611269.0,227,0.93,48,CasualUK,HPB
7ferd7,Edinburgh Street Art,,https://i.redd.it/7sgd6tlp04001.jpg,1511610543.0,206,0.98,16,CasualUK,fisherpriceman
7feip3,Drove back to hometown today with Xmas music on. When I got first glimpse from the motorway not ashamed to say I nearly cried. These kind of days make the 200 days of crappy weather worth it!,[deleted],https://i.redd.it/abn3fl0gp3001.jpg,1511606754.0,259,0.98,13,CasualUK,[deleted]
7fefc9,Merry Christmas from Netflix,,https://i.redd.it/4ht5uhuuk3001.jpg,1511605209.0,89,0.95,51,CasualUK,[deleted]
7fe41m,Sunrise from Suffolk Coast,,https://i.imgur.com/uxtxqDX.jpg,1511600096.0,80,1.0,7,CasualUK,MorphicSn0w
7fe1yo,How's your Saturday morning?,,https://i.redd.it/tegqf78v23001.jpg,1511599170.0,441,0.97,62,CasualUK,depnameless
7fdt92,More winter mornings like this please.,[deleted],https://i.redd.it/37lj2epzr2001.jpg,1511595503.0,3253,0.95,109,CasualUK,[deleted]
7fayx2,Best literary characters ever devised,,https://i.redd.it/odazeadg20001.jpg,1511563260.0,244,0.98,32,CasualUK,[deleted]
7fav71,Saw this in town the other day. Every car should have its own Pope.,,https://i.imgur.com/i5CPBKL.jpg,1511562278.0,131,0.99,18,CasualUK,loudribs
7fal9y,Advent Calendar,,http://imgur.com/Tn5pZwB,1511559695.0,142,0.95,12,CasualUK,pix1985
7fakjr,OC Saw this a while ago and posted to r/shittycarmods. What does r/Casual UK think?,,https://i.redd.it/6vzk1xkxszzz.jpg,1511559498.0,76,0.96,21,CasualUK,[deleted]
7fa9ne,We are paying ¬£40 a month for our broadband from BT and this is what we‚Äôve been getting for over a fortnight,,https://i.redd.it/7q8lyzzgkzzz.jpg,1511556652.0,70,0.95,72,CasualUK,Danny_McMoose
7f9izs,Be careful out there comrades,,https://i.redd.it/a459zeqo0zzz.jpg,1511550000.0,449,0.98,32,CasualUK,[deleted]
7f9bcn,Americans have this awful edited version of Takeshi's Castle with two dreadful hosts (rather than the glorious Craig Charles) and they even dub over the contestants...It's edited so that it's two teams against each other rather than a load of people vs. Takeshi. Absolute rubbish.,"https://www.youtube.com/watch?v=DlvGc8wXr2A&amp;feature=youtu.be

Here's a video showing the crap hosts and the useless dubbing of contestants.

Apparently in America it's called *Most Extreme Elimination Challenge* 

https://en.wikipedia.org/wiki/Most_Extreme_Elimination_Challenge

&gt;It is a re-purpose of footage from the Japanese game show Takeshi's Castle which originally aired in Japan from 1986 to 1990 and starred ""Beat"" Takeshi, a very popular and ""hip"" Japanese entertainer. The re-purposed ""MXC"" created a completely new premise, storyline and characters. **The original '""Takeshi's Castle"" started with a glob of about 40 contestants competing against each other in challenges for the honor of being the five finalists who would attempt to storm the castle and defeat the powerful Count Takeshi and his crew of underlings. The MXC re-purpose created two teams competing against each other √† la a typical Saturday afternoon network football game broadcast, with players trying to win points for their teams by surviving through different challenges. In the original program the Count and his underlings would follow the progress of the players as they moved through the course. In the re-purpose Count Takeshi became veteran network announcer Vic Romano and the count's flunky became young upstart Kenny Blankenship.**",https://www.reddit.com/r/CasualUK/comments/7f9bcn/americans_have_this_awful_edited_version_of/,1511548076.0,101,0.96,21,CasualUK,urYLwDclzGgJYD0yNeTk
7f7wtl,Spotted some evidence of a young opportunist at M&amp;S earlier this week,,https://i.redd.it/6efjq4v1sxzz.jpg,1511535034.0,97,0.99,9,CasualUK,DatGuyWill
7f7n6p,"You loved her at 6am, how about at 2pm?",,https://i.redd.it/9wg9vvhfjxzz.jpg,1511532119.0,175,0.92,18,CasualUK,TheAmazingSausage
7f72a9,First snow of the year,,https://i.redd.it/fz9yggk4ywzz.jpg,1511524959.0,184,0.98,78,CasualUK,two_pints_prick
7f6tm0,Exciting new job opportunity,,https://i.imgur.com/a/WHlbb,1511521689.0,99,0.99,14,CasualUK,[deleted]
7f6r6a,"Someone on Twitter drew my attention to this bizarre Heinz Salad Cream advert from 2000, featuring Graham Norton and Denise Van Outen",,https://i.redd.it/go4owx6dlwzz.jpg,1511520698.0,968,0.98,73,CasualUK,RedversBuller
7f6hx0,"""I'm A Fucking Legend!""",,https://www.youtube.com/watch?v=_7UFwn9gxD0,1511517155.0,320,0.98,114,CasualUK,kopsy
7f67u1,"Have a general knowledge pub quiz, 24 points on. Answers in comments.",,https://imgur.com/a/cZH8A,1511513228.0,92,0.94,60,CasualUK,Kerigorrical
7f61jv,"‚ÄúSiri, play Example.‚Äù",,https://i.redd.it/8738dfdzrvzz.jpg,1511510752.0,84,0.97,16,CasualUK,[deleted]
7f5t1t,"For fucks sake, Spotify.",,https://i.imgur.com/s0eXYZ0.png,1511507566.0,114,0.94,29,CasualUK,Jahnftw
7f5qo8,Dogs woke me up at 6,,https://i.imgur.com/ZWUOR5v.jpg,1511506717.0,275,0.94,51,CasualUK,TheAmazingSausage
7f3fpj,Peep show,"How many of you guys watch it? I'm on my fifth rewatch and consider this show to be quintessential watching for brits, especially given how it captures the pop culture and social awkwardness I guess some of us can relate to.

Plus it's quotable as fuck",https://www.reddit.com/r/CasualUK/comments/7f3fpj/peep_show/,1511480232.0,69,0.97,72,CasualUK,noretardedpuns
7f1rnm,Dinner Thread | Be jealous of my Tikka Masala,,https://i.redd.it/r5y54p1hwrzz.jpg,1511463854.0,72,0.9,27,CasualUK,[deleted]
7f1mob,Local Lad Steals 70lbs of Donner meat from kebab shop,,https://imgur.com/a/V99kA,1511462594.0,112,0.97,59,CasualUK,JammyDever
7f17ao,Wtf is up with the new pound coins?,,https://i.redd.it/gm3ioyhlhrzz.jpg,1511458832.0,62,0.95,9,CasualUK,ed_menac
7f0pvt,I may have slightly underestimated how much 3kgs of tea is.,[deleted],https://imgur.com/JceVpG7,1511454585.0,237,0.98,55,CasualUK,[deleted]
7f0o36,So the strong winds blew my friend's trampoline into a brook...,,https://i.imgur.com/mIa9R8H.jpg,1511454136.0,75,0.99,28,CasualUK,[deleted]
7f0e7y,London Commuter Starterpack,,https://i.redd.it/dtvy0gaqqlzz.png,1511451587.0,173,0.96,41,CasualUK,santiago-munez
7f09a4,My travel insurance has a cover if I get a hole in one.,,https://i.redd.it/gvz4skt2sqzz.png,1511450257.0,67,0.98,15,CasualUK,Queef_Burgers
7eyjgz,And so it begins,,https://i.imgur.com/eJ290xe.jpg,1511429752.0,11619,0.93,350,CasualUK,neverreadthearticles
7eyfkg,What is the best magazine in the UK?,[deleted],https://imgur.com/GD9blp7,1511428336.0,87,0.97,45,CasualUK,[deleted]
7eye5w,"68p in Sainsbury's, a glimmer of hope",[deleted],https://i.imgur.com/f8b2E43.jpg,1511427803.0,96,0.95,28,CasualUK,[deleted]
7eyb2j,Lets end this once and for all....,,https://i.imgur.com/kB3eSBg.jpg,1511426605.0,182,0.97,17,CasualUK,[deleted]
7ey6ol,Shopping centre introduces 'fast lane' for shoppers who don't have time to fuck about,[deleted],http://metro.co.uk/2017/11/22/shopping-centre-introduces-fast-lane-to-help-reduce-slow-rage-incidents-7098428/,1511424954.0,165,0.96,64,CasualUK,[deleted]
7euzzo,Guy blags his way into BabeStation.,,https://www.facebook.com/DigitDavisUK/videos/1053726364764846/,1511390890.0,503,0.96,66,CasualUK,joethomasdmo
7eu8r6,Came across this gem while desperately searching for a work secret Santa gift.,,https://i.imgur.com/lLgJqY1.jpg,1511384472.0,884,0.94,30,CasualUK,KiiWii2029
7etd07,How do those vape shops stay in business? Are they all secretly covers for crime?,I see loads of them in town but they always seem to be empty. I don't understand how you could keep open a shop just selling vapes and e-cigs.,https://www.reddit.com/r/CasualUK/comments/7etd07/how_do_those_vape_shops_stay_in_business_are_they/,1511377450.0,105,0.96,88,CasualUK,[deleted]
7et7gu,Aldi,[deleted],https://twitter.com/PaulChuckle2/status/932626351726710785,1511376251.0,220,0.95,16,CasualUK,[deleted]
7est40,Turkish barbers better than British ones?,[deleted],https://www.reddit.com/r/CasualUK/comments/7est40/turkish_barbers_better_than_british_ones/,1511373117.0,80,0.92,51,CasualUK,[deleted]
7essyg,No free fish.,,https://i.redd.it/t7t3wgrlekzz.jpg,1511373078.0,72,0.96,13,CasualUK,NE6427
7ernth,Have yourselves a merry Orwellian Christmas!,,https://imgur.com/a/LrdtP,1511364063.0,91,0.99,24,CasualUK,thesaltwatersolution
7ergpm,"Buying my first home, and due to complete tomorrow ‚Äî now I find out I've unexpectedly saved myself ¬£5000 in cash thanks to the surprise Stamp Duty changes! How should I celebrate?",[deleted],https://www.reddit.com/r/CasualUK/comments/7ergpm/buying_my_first_home_and_due_to_complete_tomorrow/,1511362413.0,66,0.91,60,CasualUK,[deleted]
7er2om,"Chicken ""avocado"" sandwich from Sainsbury's",,https://i.redd.it/ggv3x5n08jzz.jpg,1511358792.0,150,0.96,44,CasualUK,Repptix
7eqvkk,*warning* Premier Inn has a cursed salad on the menu.,[deleted],https://www.reddit.com/r/CasualUK/comments/7eqvkk/warning_premier_inn_has_a_cursed_salad_on_the_menu/,1511356818.0,268,0.96,48,CasualUK,[deleted]
7eq9w9,Peppa Pig has taken a more mature turn of late,,https://i.redd.it/f1r2d604iizz.jpg,1511350058.0,1019,0.96,41,CasualUK,Aaronw94
7eq9bw,"A footballer who scored twice before being subbed to see the birth of his son says he got the there ""just in the nick of time"".",,http://www.bbc.co.uk/news/uk-england-manchester-42078126,1511349849.0,293,0.96,17,CasualUK,[deleted]
7eq1x5,"Using a ball is important to playing cricket, from what I understand - a shrewd move there from the English!",,https://i.redd.it/cv42lt7r9izz.jpg,1511347232.0,189,0.93,26,CasualUK,joethomasdmo
7eppgj,"Found this in an engineers workshop, apparently the tap was loose so they fixed it",,https://i.imgur.com/6FDLdiC.jpg,1511342796.0,804,0.96,55,CasualUK,[deleted]
7ep2fx,Does anyone else find the Owen Wilson ads for Sofas the weirdest ? Is he just off his tits?,,https://youtu.be/P5OqIV9B1GY,1511334619.0,145,0.97,26,CasualUK,Flyingtowlie
7eozzr,Work email sign offs,"Like every other place I've worked with email every email ends in 'regards'

All yesterday I have started switching my regards into 'retards' after a funny typo as I send quite a few emails to several hundred people a day (group emails) this has given me surprising joy, the beauty of this one is the T and the G are right next to each other -plausible deniability.

So far I have remained undetected, anyone got any more anarchist tips for the down worker?",https://www.reddit.com/r/CasualUK/comments/7eozzr/work_email_sign_offs/,1511333832.0,55,0.9,66,CasualUK,[deleted]
7elu6w,When the ad placement gets too much,,https://i.imgur.com/fq4NMZe.png,1511303516.0,95,0.99,2,CasualUK,workedmisty
7eki2u,Tuesday Leeds,,https://i.imgur.com/ixMTWA7.jpg,1511292966.0,100,0.95,24,CasualUK,loudribs
7eibdu,massive argument currently going on in my building.,,https://i.redd.it/thoujjvrbczz.png,1511275623.0,102,0.97,21,CasualUK,SublimeParadigm
7ehrlf,Absolutely mad banter from Tesco's brand foil today,,https://i.redd.it/g9k6dc52xbzz.jpg,1511270328.0,264,0.98,14,CasualUK,polarphantom
7ehpvv,Bloody hell Lidl make up your mind!,,https://i.redd.it/vpvtwfbovbzz.jpg,1511269858.0,147,0.96,38,CasualUK,davew_uk
7ehgnf,The /r/CasualUK Census.,"Hi all, 

Since our inception in February 2017, we have picked up 55,000 subscribers sharing their photos, stories and just generally chewing the fat with us throughout the day. It's been a brilliant sub and we are all immensely proud of the community spirit that you have all developed. 

We thought it would be fun to run a census to better understand who is subscribed and contributing to the subreddit. It is completely anonymous but please don't feel obligated to take part. 

We will keep this thread around for a week or so and then we can publish some nifty graphs as we enter December (in time for our Christmas themed daily threads!) 
 
[Link to the 2017 Census!](https://docs.google.com/forms/d/e/1FAIpQLSc59rq62UkVcM3ZYU0S5qEuiH84XmytIJwCQTOPtOk9upCacg/viewform?usp=sf_link)",https://www.reddit.com/r/CasualUK/comments/7ehgnf/the_rcasualuk_census/,1511266977.0,108,0.96,209,CasualUK,[deleted]
7ehb10,Sacha Baron Cohen has offered to pay fines for six Czech tourists who were arrested in Kazakhstan for wearing nothing but 'Borat' inspired mankinis.,,http://www.bbc.co.uk/news/uk-42064224,1511265186.0,15689,0.94,264,CasualUK,[deleted]
7egu92,Bargain,[deleted],https://i.redd.it/gven7fhrzazz.jpg,1511259123.0,80,0.97,12,CasualUK,[deleted]
7ed370,"If I was a journalist, I would intentionally write 'Dec and Ant' in articles to watch heads melt.",,https://www.reddit.com/r/CasualUK/comments/7ed370/if_i_was_a_journalist_i_would_intentionally_write/,1511219346.0,72,0.96,17,CasualUK,[deleted]
7ebt33,"Pre Black Friday sales at Tesco, grape bargain!",,https://i.redd.it/ojpgvvd5v6zz.jpg,1511209144.0,95,0.94,9,CasualUK,goldsilvy
7eb66c,I spent about 15 mins at a careers fair pretending to be really into engineering to get this!,[deleted],https://i.imgur.com/3PtRQJc.jpg,1511204301.0,2089,0.95,145,CasualUK,[deleted]
7eb2ql,PSA: Transcriptions!,"Hi everyone! 

As I'm sure you all have noticed, we've partnered up with some volunteers who are transcribing the images that pop up in our sub. They're doing this as part of a project to make reddit more accessible for everyone, including blind and/or dyslexic users (and even people that have issues because of slow internet or limited data). 

This is something that the mod team has agreed to in partnership with /r/TranscribersOfReddit, so please be welcoming to them, but feel free to help them make corrections if a pop culture reference is missed! They are all open to feedback :) 

If you have any questions about the project, go check them out at https://www.reddit.com/r/TranscribersOfReddit/wiki/index, or message their moderators, and they will be happy to answer any questions you may have. 

Please do not report these comments as spam, since this is part of a larger project working towards greater Reddit accessibility. Reports on these comments only cause more work for us as moderators and we approve of their work as a team. If you dislike their comments, feel free to let us know in modmail, but otherwise please let them be.",https://www.reddit.com/r/CasualUK/comments/7eb2ql/psa_transcriptions/,1511203530.0,78,0.93,38,CasualUK,KumaLumaJuma
7eb1lu,Everybody loves a freebie,[deleted],https://pbs.twimg.com/media/DPAd89QWAAAqvCP.jpg,1511203266.0,89,0.93,15,CasualUK,[deleted]
7eatl6,Watched last night's Blue Planet and now can't bring myself to use a plastic bag - I've saved at least three baby whales right?,[deleted],https://i.redd.it/4ycwwzri86zz.jpg,1511201537.0,273,0.98,46,CasualUK,[deleted]
7eat7w,TalkTalk customer service. ISPs are absolutely horrible here.,[deleted],https://i.redd.it/nmhdvwq886zz.png,1511201460.0,156,0.93,146,CasualUK,[deleted]
7eafiq,The queen looks like she's going on a right bender here,,https://ichef.bbci.co.uk/news/976/cpsprodpb/BC1E/production/_98785184_80239be8-c227-4036-8c08-8e1403714009.jpg,1511198487.0,347,0.97,36,CasualUK,ULTRA_Lenin
7eafcw,"Honestly, why even waste my time inviting me to an interview when you clearly aren‚Äôt interested in me? It lists my work history on my cv.. waste of money.",,https://i.redd.it/r6ebtdmdz5zz.jpg,1511198458.0,82,0.9,39,CasualUK,[deleted]
7e9xht,Christmas bargains in M&amp;S this year,,https://i.imgur.com/3YBbGtU.jpg,1511194497.0,77,0.9,9,CasualUK,pixelunit
7e9d0v,KFC Cumbernauld...,,https://imgur.com/FIQBz2e,1511189564.0,375,0.96,73,CasualUK,Snow776
7e98fg,Is it still Sunday?,,https://i.redd.it/am4u2a3c55zz.jpg,1511188359.0,89,0.95,5,CasualUK,probably420stoned
7e8mnv,Thank fuck someone cleared that up,,https://i.redd.it/btauqdxnm4zz.png,1511182099.0,221,0.97,58,CasualUK,[deleted]
7e8ivf,I have a new neighbour. It's as loud as it is bright.,,https://i.redd.it/cx39k1pvi4zz.jpg,1511180844.0,437,0.97,144,CasualUK,isislavinia
7e8elb,What are we thinking with this triology of purchases?,,https://i.redd.it/xu7py6cke4zz.jpg,1511179420.0,118,0.97,18,CasualUK,MalhamTarn
7e7zki,"The ticket checky on the train today didn't have the usual hole punch, so he did a personalised smiley for every passenger. Brightened up my gloomy Monday morning.",,http://imgur.com/AkZiEE4,1511173885.0,334,0.97,63,CasualUK,JacoReadIt
7e7ins,"Game, for all your Christmas needs",[deleted],http://i.telegraph.co.uk/multimedia/archive/02757/GAME_ChristmasTinn_2757572b.jpg,1511167311.0,123,0.93,59,CasualUK,[deleted]
7e7g3h,Secret Santa wrapping is sorted. Lovely.,,https://imgur.com/1DtCAQt,1511166264.0,150,0.95,30,CasualUK,[deleted]
7e784d,Greggs,[deleted],https://imgur.com/dVawEFr,1511163128.0,1915,0.92,66,CasualUK,[deleted]
7e3wuw,Just got some Monster Munch from my local Polish shop,,https://i.imgur.com/1H0BpdV.jpg,1511129250.0,63,0.92,11,CasualUK,puppet_life
7e38wx,"Due to popular demand, I have made this Noel Edmonds wallpaper publicly available",,https://i.redd.it/oon3a8mbszyz.jpg,1511123492.0,360,0.95,15,CasualUK,vogSWS
7e2i19,Spent a good 10 minutes searching for an 'N',,https://i.redd.it/q3k2a25h9zyz.jpg,1511117131.0,106,0.91,21,CasualUK,MellotronSymphony
7e25nr,TfL‚Äôs latest venture,,https://i.redd.it/h9ukp0rk0zyz.jpg,1511114113.0,770,0.96,29,CasualUK,Balotelli_Tubbies
7e22q8,What do you think the UK does better than the rest of Europe?,"As an outsider looking in I've always wanted to know how brits find themselves in regards to their strengths as a country (of countries) in comparison to the rest of Europe. 

I haven't stayed in the UK and any other country in Europe long enough to distinguish who does what better. 

Edit: 1) Music 2) Crisps (I'd call them chips but that means something else to you folks) 3) Accents
4)TV 5) Rugby

imo 
",https://www.reddit.com/r/CasualUK/comments/7e22q8/what_do_you_think_the_uk_does_better_than_the/,1511113434.0,86,0.92,229,CasualUK,Gognoggler21
7e1xxl,Sunrise in Somerset this morning,[deleted],https://i.imgur.com/BdN7MM3.jpg,1511112253.0,240,0.98,23,CasualUK,[deleted]
7e19lc,Was cleaning out some stuff and found the old-school giant 5 pence.,,https://i.redd.it/f10s7638cyyz.jpg,1511105923.0,381,0.98,41,CasualUK,RDHertsUni
7e10sp,"I'm a 23 year old man, yet Paddington 2 was probably the best film I've seen all year, and frankly made me feel proud to be British.",,https://www.reddit.com/r/CasualUK/comments/7e10sp/im_a_23_year_old_man_yet_paddington_2_was/,1511103275.0,144,0.92,27,CasualUK,Milo_Hackenschmidt
7e0siq,Just got this for ¬£1.20 from the local shop. Don't pretend you're not jealous.,,https://i.imgur.com/V4UK0Mk.jpg,1511100651.0,379,0.94,52,CasualUK,Randomd0g
7e0rd7,My local coffeeshop is going cashless soon,,https://i.redd.it/woksm5pjvxyz.jpg,1511100315.0,264,0.97,129,CasualUK,[deleted]
7e0r06,Controversial Peep Show Theories/Opinions,[deleted],https://www.reddit.com/r/CasualUK/comments/7e0r06/controversial_peep_show_theoriesopinions/,1511100206.0,99,0.97,77,CasualUK,[deleted]
7e0q34,Watch out everyone - these lads are off the hook!,,https://i.imgur.com/VTmPqwo.jpg,1511099926.0,141,0.97,18,CasualUK,loudribs
7dzoh9,What's that in my hand?,,https://imgur.com/Gyo5c4M,1511084844.0,305,0.97,11,CasualUK,[deleted]
7dzo4s,Gotta love the morning commute...,,https://i.imgur.com/KrIdJ2T.png,1511084680.0,465,0.96,104,CasualUK,albo_underhill
7dzn2l,This popped up on my Facebook memories from last year. Local newspapers are a treat!,,https://i.redd.it/kswoeljmjwyz.jpg,1511084199.0,147,0.97,10,CasualUK,cocaineandcigarettes
7dypy5,PSA: It's international men's day,Only a PSA because it barely gets any attention compared to women's day.,https://www.reddit.com/r/CasualUK/comments/7dypy5/psa_its_international_mens_day/,1511070431.0,68,0.81,62,CasualUK,[deleted]
7dvwwj,New council gritter could be called ‚ÄòGritsy Bitsy Teeny Weeny Yellow Anti-Slip Machiney‚Äô,,http://metro.co.uk/2017/11/17/new-council-gritter-could-be-called-gritsy-bitsy-teeny-weeny-yellow-anti-slip-machiney-7087014/,1511040701.0,116,0.95,15,CasualUK,rainbowarriorhere
7dvr3r,Spotted this today... Amazing job opportunity!,[deleted],https://i.imgur.com/Cy3F263.jpg,1511039181.0,145,0.98,30,CasualUK,[deleted]
7duthc,"This is being sold in Argos at the moment. A slightly inappropriate, and hilarious 'childrens' toy",,https://imgur.com/IwIPqH7,1511030676.0,69,0.95,12,CasualUK,mapman87
7duh5b,I think this may be the best Saturday I've ever had.,"I won 195 quid, I'm in the pub and Newcastle are up against Manchester Utd. Am I dreaming?

Edit this post hasn't aged well",https://www.reddit.com/r/CasualUK/comments/7duh5b/i_think_this_may_be_the_best_saturday_ive_ever_had/,1511027567.0,58,0.92,32,CasualUK,Aaronw94
7du9dw,I've Never Seen Star Wars,"The radio show *I've Never Seen Star Wars* challenged media figures to name really commonplace things they've somehow never done, complete them, and rate them. I particularly enjoyed Ian Hislop playing GTA, Benjamin Zephaniah trying tea, and Ann Widdecombe trying a J√§gerbomb.

Personally, I too have never seen Star Wars, unless half of Episode One counts. I've also never eaten an omelette, or been to a football match. What's your Never Seen Star Wars experience?",https://www.reddit.com/r/CasualUK/comments/7du9dw/ive_never_seen_star_wars/,1511025608.0,81,0.93,118,CasualUK,a_simple_game
7dssmw,Postie drew a smiley face for me,,https://i.imgur.com/g6gjgKk.jpg,1511010401.0,254,0.97,34,CasualUK,seanbear
7dsiai,Found an old swimming certificate. Definitely one to put on my CV!,[deleted],https://i.redd.it/3h0q6k464qyz.jpg,1511006482.0,98,0.98,16,CasualUK,[deleted]
7ds8l8,Hit the jackpot,,https://i.redd.it/nex9nht7spyz.jpg,1511002348.0,122,0.95,30,CasualUK,StardustOasis
7ds1pt,oh god what happened to mr men?!,,https://i.redd.it/e1ca5qfshpyz.png,1510999338.0,3370,0.92,166,CasualUK,Triffospon
7dru5i,Of course.,,https://i.imgur.com/NFwfQhr.jpg,1510996043.0,225,0.96,32,CasualUK,EXCEEDED_STATED_DOSE
7drqqe,I‚Äôve just been informed that I‚Äôm going to ikea this morning... How excited am I? - Poll on strawpoll.com,,https://strawpoll.com/ghe6g477,1510994566.0,62,0.91,45,CasualUK,dronebox
7dovfe,"Never been prouder, 5k likes on the viz Facebook page",,https://i.redd.it/omrc4o8qdmyz.png,1510961147.0,176,0.96,24,CasualUK,johnny_bogroll
7dok25,Half my age,,https://streamable.com/b9yld,1510958257.0,85,0.95,10,CasualUK,Ajaj82
7doc33,"Apparently I've just ruined sexy time with the wife by shouting ""for fucks sake the heatings still on""",[deleted],https://www.reddit.com/r/CasualUK/comments/7doc33/apparently_ive_just_ruined_sexy_time_with_the/,1510956106.0,143,0.98,37,CasualUK,[deleted]
7dmyox,Is that a threat?? Spotted on the A1,,https://i.redd.it/uct4pnasxkyz.jpg,1510943680.0,82,0.98,30,CasualUK,DisneyBounder
7dmmct,Just a normal bus queue. Well done guys,,https://i.imgur.com/z968ubY.jpg,1510940593.0,123,0.98,31,CasualUK,[deleted]
7dmkvh,Ainsley doing some spying,,https://i.redd.it/g0zf3xxjnkyz.jpg,1510940237.0,89,0.95,12,CasualUK,KieranD9503
7dmjvc,"Doncaster's new gritters named ""David Plowie"" and ""Gritsy Bitsy Teeny Weeny Yellow Anti-Slip Machiney""",,http://www.bbc.co.uk/news/uk-england-south-yorkshire-42026485,1510939975.0,256,0.98,31,CasualUK,[deleted]
7dm6n1,"""Countries Beginning with the Letter C""",,https://i.imgur.com/MDXipld.png,1510936700.0,367,0.97,67,CasualUK,FishCake9T4
7dk6he,Decided to go for more of a 'forward' approach with my new Tinder profile,,https://i.redd.it/m2nc5o7mpiyz.png,1510916771.0,109,0.86,74,CasualUK,Cataclysma
7djv88,I like living somewhere where the graffiti and vandalism is older than many countries,,http://imgur.com/kDiRJEN,1510912634.0,186,0.97,30,CasualUK,goldfishpaws
7djox9,"General knowledge pub quiz, maximum 24 points. Answers in comments.",,https://imgur.com/a/IWebd,1510910218.0,90,0.97,85,CasualUK,Kerigorrical
7dj955,"999 from fish &amp; chip shop earlier this week - customer kicking off, apparently because they put gravy on his chips. Shop was closed when we got there later, and in the absence of any other calls, we've assumed no-one got battered... https://t.co/TMZHK3mgJq",[deleted],https://twitter.com/GMPCityCentre/status/931425120928878592,1510904184.0,61,0.89,8,CasualUK,[deleted]
7dj07z,I had Angel Delight for the first time in years and it was bloody awful. What erstwhile childhood treats have left you disappointed as an adult?,,https://www.reddit.com/r/CasualUK/comments/7dj07z/i_had_angel_delight_for_the_first_time_in_years/,1510901079.0,123,0.97,166,CasualUK,SquireBev
7dgets,Grandad had some weird friends,,https://i.redd.it/s0jfm0luseyz.png,1510874883.0,193,0.98,17,CasualUK,EnochChell
7dfjrw,"This false advertising needs to stop, my Nissan Micra won't even start now...",[deleted],https://i.redd.it/pa08hzeujeyz.jpg,1510866575.0,188,0.95,15,CasualUK,[deleted]
7de82r,I came across the Tardis hiding in the bushes near Devizes,[deleted],https://i.redd.it/zphywb1dodyz.jpg,1510855772.0,125,0.98,8,CasualUK,[deleted]
7de3m9,Thanks for maths lesson ‚ÄòOne Stop‚Äô,,https://i.redd.it/7gho51q7ldyz.jpg,1510854720.0,100,0.95,8,CasualUK,pyro3366
7ddum2,RIP Frosty Jacks,,https://i.imgur.com/IvJ6L49.jpg,1510852619.0,207,0.97,88,CasualUK,Khathaar
7ddsfc,Ahh yes. That trip to Wolverhampton I've always wanted to go on.,,https://i.imgur.com/728BLby.png,1510852112.0,941,0.98,102,CasualUK,John_Yuki
7ddgr0,Today was the best day,,https://i.redd.it/avq2213e5dyz.png,1510849380.0,99,0.89,35,CasualUK,suffolkboi
7dcyjv,"5p for a carrier bag, are you having a laugh?",,https://gfycat.com/FakePaleIcefish,1510844808.0,1522,0.96,88,CasualUK,sleepunderthestars
7dc49k,What reddit cliches wind you up the most?,"For me it's:  
 
Person: ""Is the answer A, or is it B?"" 
 
Idiot: ""Yes."" 
 
Crowd: ""XD""",https://www.reddit.com/r/CasualUK/comments/7dc49k/what_reddit_cliches_wind_you_up_the_most/,1510836021.0,215,0.97,502,CasualUK,[deleted]
7dba29,Found the deal of the century in today's Metro,,https://imgur.com/2nfbrU1,1510823858.0,687,0.98,24,CasualUK,[deleted]
7daxao,"This morning I saw a rock with ""be kind"" painted on it",[deleted],https://www.reddit.com/r/CasualUK/comments/7daxao/this_morning_i_saw_a_rock_with_be_kind_painted_on/,1510818361.0,820,0.94,73,CasualUK,[deleted]
7d7471,How to draw an accurate hand when you're from Bognor Regis,[deleted],https://i.guim.co.uk/img/media/42ad4c3a22bf1fccfb402c5f7c57821a0a619885/0_89_2000_1200/master/2000.jpg?w=1920&amp;q=55&amp;auto=format&amp;usm=12&amp;fit=max&amp;s=5be04f318f88b252afae4d87fb127cbb,1510779082.0,104,0.93,18,CasualUK,[deleted]
7d6z8b,My girlfriend needed the toilet so knocked on a random persons door to ask if it was alright to use their toilet...,"She thinks there's nothing wrong with that but I disagree, it's fucking weird right!?",https://www.reddit.com/r/CasualUK/comments/7d6z8b/my_girlfriend_needed_the_toilet_so_knocked_on_a/,1510777929.0,69,0.94,74,CasualUK,[deleted]
7d6y1s,Tad ironic...,,https://i.redd.it/74c12ok287yz.jpg,1510777642.0,61,0.94,4,CasualUK,uvurs
7d5sfq,Paul Chuckle engages in conversation with Caroline Flack,,https://i.imgur.com/JN6krQ9.jpg,1510768109.0,609,0.97,22,CasualUK,tman612
7d4gyy,"Am I, as a childless, adult man, expected to use the Lollypop Lady to cross the road?","This morning I was leaving later than usual, just around 9am. As someone who lives very near a primary school, there's a lollypop lady who sits at a crossing which is part of my walk to the bus stop. Normally I don't see her because I leave earlier, but I remember her from when I went to primary school because it's the same woman. I'm assuming she was just getting ready to leave, because at this time the primary school bell had rang and the children were all in the playground and going inside. So I'm walking up to this crossing, obviously checking for cars, and I determine it's clear so I go to step out on the road. Just as I do that I hear the woman say ""hold on!"". She gets up off the chair she's sitting on and does her whole thing, standing in the middle of the road with the big stick. I cross the road and awkwardly thank her, because I'm an awkward person.


Is this normal? Am I crazy for assuming that she only does that for children and parents with children? I'm obviously not annoyed or anything, just a little surprised. Do I look like a primary school child maybe? What's going on here?",https://www.reddit.com/r/CasualUK/comments/7d4gyy/am_i_as_a_childless_adult_man_expected_to_use_the/,1510756524.0,163,0.98,75,CasualUK,tman612
7d4ear,Man‚Äôs day ruined after he makes mistake of trying new sandwich for lunch,,http://newsthump.com/2017/11/15/mans-day-ruined-after-he-makes-mistake-of-trying-new-sandwich-for-lunch/,1510755802.0,116,0.95,21,CasualUK,NEWSBOT3
7d44b2,Football fans singing 'Thinking Out Loud' to Ed Sheeran lookalike [x-post r/HappyCrowds],,https://m.youtube.com/watch?ebc=ANyPxKqih_WTaHBwB1AARuCZV_qKCF5vbvFVIXzwnfk0rwyuHkO694U9TdvDyIQ7jgmnEg25Ak-qIiBBa7EhuE12Bc3na6ys3A&amp;v=uJuh8RWOeiw,1510752932.0,70,0.96,8,CasualUK,CineArma
7d3p1o,Soup hate thread,"DO NOT BUY the Tesco Finest Moroccan Chicken soup. It's fucking awful, had to throw it away. Tasted like wine gums. I feel like it's punishment for me betraying the sacred Boots meal deal (pbuh).

Can someone recommend me a supermarket soup which isn't shite?",https://www.reddit.com/r/CasualUK/comments/7d3p1o/soup_hate_thread/,1510747996.0,71,0.91,136,CasualUK,[deleted]
7d3o66,A thousand sheep just exploded,,https://i.redd.it/kirs4z70r4yz.jpg,1510747687.0,105,0.95,33,CasualUK,gavingiant
7cy38v,"Which TV presenter gets up your nose the most, and why is it Matt Baker?",Although Charlie Stayt gets an honourable mention.,https://www.reddit.com/r/CasualUK/comments/7cy38v/which_tv_presenter_gets_up_your_nose_the_most_and/,1510687841.0,78,0.91,189,CasualUK,UncleArthur
7cxmzj,I did it. I opened a corner without having any on the lid. And I wasn't even trying.,,https://imgur.com/OtxSOYX,1510684235.0,351,0.98,38,CasualUK,butler1233
7cx71q,TFL embraces the meme,[deleted],https://i.redd.it/rsu6w96h7zxz.jpg,1510680640.0,103,0.9,24,CasualUK,[deleted]
7cvf63,"Oi mum, save us two's on that!",[deleted],https://i.redd.it/d8oexwm6vxxz.jpg,1510664346.0,459,0.99,48,CasualUK,[deleted]
7cvbc0,"Bomb damage in Broadgate, central Coventry, the morning after the German air raid on the night of 14th November 1940.",[deleted],http://media.iwm.org.uk/ciim5/34/162/large_000000.jpg?action=d&amp;cat=photographs,1510663062.0,68,0.95,29,CasualUK,[deleted]
7cv44r,dickhead being told off by citizen Joe for parking in disabled spot,,https://i.redd.it/6qwnamasjxxz.jpg,1510660568.0,116,0.94,73,CasualUK,SemiLOOSE
7cups8,Pat Butcher smoking a spliff with nuns is the best thing you'll see all day,,http://www.dailyrecord.co.uk/news/weird-news/ive-seen-now-pat-butcher-11516602,1510654663.0,75,0.91,25,CasualUK,[deleted]
7cuj3w,Top spelling in my local,,https://i.redd.it/q6xtbkr0uwxz.jpg,1510651875.0,148,0.97,22,CasualUK,dustontheground
7cufuw,"Parents of CasualUK, what are some lies you tell your children?","For example, my parents couldn't be arsed to teach me about sonic booms so they just told me that thunder was the clouds banging together.",https://www.reddit.com/r/CasualUK/comments/7cufuw/parents_of_casualuk_what_are_some_lies_you_tell/,1510650553.0,74,0.94,168,CasualUK,[deleted]
7cppey,Light Pollution map of Great Britain [4091 √ó 5000] [X/Post /r/Mapporn],,https://i.imgur.com/RDvKGhf.jpg,1510602514.0,1199,0.96,112,CasualUK,Inspector_Sands
7co98r,Doncaster Gritter Name Shortlist Announced,,https://twitter.com/MyDoncaster/status/930082769589407745,1510590742.0,58,0.91,23,CasualUK,GrantSolar
7cnqxg,Make me feel better about failing my driving test and tell me the stupid things you did on yours that caused you to fail.,,https://www.reddit.com/r/CasualUK/comments/7cnqxg/make_me_feel_better_about_failing_my_driving_test/,1510586515.0,99,0.96,231,CasualUK,Raregan
7cnpui,"It's Tesco not Tescos, Aldi not Aldis, Costa not Costas, Lidl not Lidls, Wagamama not Wagamamas, ASDA not ASDAS!!!","UGH it really bothers me how people put an 's' after names of places that don't need it! WHY?! It sounds so off to me when people say stuff like:
""I'm just going to nip to ASDAs to get some shopping""
""Want to go to Wagamamas?"" 
""Need anything from Tescos?""
I can't be the only one, right? right?!

P.s I wasn't sure if it was spelt with a apostrophe s or just plain s after the name as I'm not sure how people intend to say it? ",https://www.reddit.com/r/CasualUK/comments/7cnpui/its_tesco_not_tescos_aldi_not_aldis_costa_not/,1510586235.0,261,0.77,248,CasualUK,Chickeneggsandlegs
7cnduc,My work colleague threw half a bag of Pom Bears in the bin; it's freaking me out a bit.,"I'm starting to question my willpower, or if those little crisps were as morish as I remember them.",https://www.reddit.com/r/CasualUK/comments/7cnduc/my_work_colleague_threw_half_a_bag_of_pom_bears/,1510583096.0,65,0.91,26,CasualUK,[deleted]
7cmys5,Anyone else's neighbours absolutely militant about their car being parked outside their house?,We're getting notes on our windscreens &amp; angry neighbours knocking on door asking us to move our cars from outside their house so they can park there. There's no residents parking nor are there bays marked on the road... Is this normal?,https://www.reddit.com/r/CasualUK/comments/7cmys5/anyone_elses_neighbours_absolutely_militant_about/,1510578618.0,65,0.91,124,CasualUK,[deleted]
7cmkb3,Do you put boiling water in your hot water bottle?,"I do, and have done for around thirty years, despite the 'DO NOT FILL WITH BOILING WATER' message printed on them.

I'd like to get an idea of how wild and reckless I'm actually being.",https://www.reddit.com/r/CasualUK/comments/7cmkb3/do_you_put_boiling_water_in_your_hot_water_bottle/,1510573454.0,92,0.95,95,CasualUK,[deleted]
7cm1r0,The Smart car has been around for twenty years and this is the first time I've ever seen anyone do the thing you're supposed to do with it.,,https://i.redd.it/iu10axjfppxz.jpg,1510565595.0,245,0.93,74,CasualUK,essentialatom
7cj9wm,The Freddo price inflation has spread to California,[deleted],https://imgur.com/O2Ko3x9,1510531810.0,58,0.87,7,CasualUK,[deleted]
7cib51,"Finding myself on the UK's French language Wikipedia page, I decided to check out the ""Gastronomie"" subsection. I was not disappointed.",,https://i.redd.it/w38pjfyv4mxz.jpg,1510522521.0,606,0.98,30,CasualUK,flashmanual
7chlgs,What do you mean we're going to Tescos Mum?,,https://imgur.com/mHlAj8s,1510515970.0,81,0.9,19,CasualUK,[deleted]
7chhdi,Those f*cking TUI adverts that seem to make up about 75% of all advert breaks are really getting on my tits.,Plus I can't decide if she's hot or not. ,https://www.reddit.com/r/CasualUK/comments/7chhdi/those_fcking_tui_adverts_that_seem_to_make_up/,1510514926.0,63,0.94,39,CasualUK,baaaaaaaaaaaaaaaaaab
7cgsm4,Roast my Roast.,,https://i.redd.it/swqywd540lxz.jpg,1510508618.0,124,0.94,71,CasualUK,[deleted]
7cgcfi,"At best, tacky. At worst, a horrifying implication about the meat in Tescos.",,https://i.redd.it/iclni2adnkxz.png,1510504354.0,440,0.97,53,CasualUK,[deleted]
7cfkpe,Memorial service in Plymouth this morning,,https://i.redd.it/vs692vsayjxz.jpg,1510495921.0,94,0.89,6,CasualUK,rlr123456789
7cf41y,I think I have a problem ...,,https://i.redd.it/982vc5b9ejxz.jpg,1510489173.0,235,0.94,108,CasualUK,Finch58
7cf31o,Shower thought: What if the reason the Queen always looks miserable whilst people sing the national anthem is because it‚Äôs actually a spell that is responsible for her longevity and she is now bored.,,https://www.reddit.com/r/CasualUK/comments/7cf31o/shower_thought_what_if_the_reason_the_queen/,1510488727.0,85,0.92,27,CasualUK,elburcho
7cf0yj,Watching the March - 42 Commando Falklands Reunion,,https://i.redd.it/4aqvef3s9jxz.png,1510487796.0,59,0.88,2,CasualUK,pyro3366
7cezwz,Cadburys what are you playing at... bought Freddo hot chocolate and it's the same as Cadbury's drinking chocolate and double the price!,"not happy Cadbury's, rip off f***ing company.  Why are you selling Freddo's hot chocolate at ¬£1.50 when it is the bloody same stuff as the drinking chocolate.

I can feel a rather good email to customer services, bastards",https://www.reddit.com/r/CasualUK/comments/7cezwz/cadburys_what_are_you_playing_at_bought_freddo/,1510487302.0,67,0.91,26,CasualUK,mightykayla
7cevru,"Memorial service this morning [Cirencester, UK]",,https://i.imgur.com/KUjNi62.jpg,1510485330.0,322,0.95,21,CasualUK,thetoastmonster
7cervl,TIL Bradley Walsh had the best selling debut album of 2016.,,http://www.nme.com/news/music/best-selling-british-debut-album-2016-revealed-bradley-walsh-beats-blossoms-zayn-1934263,1510483354.0,80,0.95,23,CasualUK,chris26182618
7ceku0,Government's Response to Alien Transmissions,,https://imgur.com/a/I7YS4,1510479650.0,122,0.96,32,CasualUK,EuropoBob
7cej59,The Queen is always watching,,https://i.redd.it/aqcmhca9jixz.jpg,1510478735.0,2789,0.94,58,CasualUK,bl4deg4mes
7cc0ll,I am the person of this house üë∏,,https://i.redd.it/bsxz4ow0rfxz.png,1510445022.0,88,0.99,14,CasualUK,Uk840
7caxd8,"Headshave for Macmillan cancer support done, thanks to everyone for their generous donations!",[deleted],http://i.imgur.com/hftZUsn.jpg,1510433522.0,122,0.92,12,CasualUK,[deleted]
7ca8j6,Shrinkflation in action,,https://i.imgur.com/nqUOjqy.jpg,1510426710.0,60,0.96,19,CasualUK,superioso
7c98ln,New Wilko does pick 'n' mix nuts 'n' bolts,,https://i.imgur.com/jlV5hes.jpg,1510416930.0,362,0.99,72,CasualUK,beefygravy
7c8kf9,The greatest notification one can ever get on Facebook.,,https://i.redd.it/mf3qde5atcxz.jpg,1510409460.0,68,0.93,9,CasualUK,--dawg
7c8fhs,Level 5 goose warning.,,https://i.redd.it/eqiyjnvvncxz.jpg,1510407647.0,382,0.98,29,CasualUK,NE6427
7c89sp,Poignant scenes as the cookie monster joins the rememberance.,,https://imgur.com/NIA93dR,1510405350.0,164,0.97,9,CasualUK,MonotoneCreeper
7c86v2,Beyonce the Tank Engine,,https://youtu.be/w8qaGcq8Ruk,1510404093.0,106,0.93,20,CasualUK,sblahful
7c85yi,"Does anyone know what I'm talking about when if I mention 'the way all British TV shows looked 2001-2007'? (Non-HD, super-glossy, always showing suburban housing estates with orange houses)",[deleted],https://www.reddit.com/r/CasualUK/comments/7c85yi/does_anyone_know_what_im_talking_about_when_if_i/,1510403703.0,62,0.94,21,CasualUK,[deleted]
7c7j4l,You can now sup a pint while shopping at this Yorkshire supermarket,,http://www.yorkshirepost.co.uk/news/you-can-now-sup-a-pint-while-shopping-at-this-yorkshire-supermarket-1-8851340,1510392308.0,74,0.99,25,CasualUK,[deleted]
7c76zk,"I felt a bit outnumbered at the start, but I hope I did us proud. Can I get a golden postbox?",,https://i.imgur.com/R3uLiOM.jpg,1510386114.0,8649,0.93,165,CasualUK,SeeSharpBurgh
7c4hqq,UK Teenager from 2007-2012 Starter Pack,,https://i.imgur.com/vXxare9.jpg,1510352842.0,441,0.96,140,CasualUK,FishCake9T4
7c2qw3,Not all pilots are cokeheads,,https://i.redd.it/3j88oxv8s6xz.png,1510336662.0,124,0.98,7,CasualUK,Ryukai
7c2el1,&gt;Smart Price,,https://i.imgur.com/J35TiMn.jpg,1510333631.0,123,0.97,26,CasualUK,Pokymonn
7c1buo,Always in our hearts... temporarily on our buses,[deleted],https://i.redd.it/lg4i6mv8p5xz.jpg,1510323356.0,172,0.98,25,CasualUK,[deleted]
7c0tnc,UK ISPs will have to pay automatic compensation to customers for broadband service problems,,https://9to5mac.com/2017/11/10/isp-compensation-poor-service/,1510317339.0,79,0.99,25,CasualUK,quinn_drummer
7c0fwk,"An easy to use guide to help foreigners understand the difference between the terms ""UK"" ""Britain"" ""England"" and ""British Isles""",,https://imgur.com/fwhPkrs,1510311696.0,123,0.96,50,CasualUK,Ractrick
7c07jw,I don't know where to start,,https://i.redd.it/yp4zj665f4xz.png,1510307872.0,141,0.99,19,CasualUK,dieyoubastards
7c01zb,TIL the company that made our new tumble dryer has rather interesting owners!,,https://i.imgur.com/61TIvou.jpg,1510305303.0,181,0.97,42,CasualUK,maaaahtin
7bztez,"What was your ""School Scandal""?","The title is pretty self explanatory!

What was your big school scandal!

Did Mr Evans get caught drinking vodka under his desk after French?

Did you have a kid get caught shitting in the Level 2 sinks?

Was there a badger let loose in your Assembly?

Let us know!",https://www.reddit.com/r/CasualUK/comments/7bztez/what_was_your_school_scandal/,1510301203.0,77,0.97,204,CasualUK,HarryGoLocky
7bzplu,Lots of famous people I admire are being outed as sex pests right now. But lets not forget that the Chuckle Brothers actually STOPPED a sexual assault. Here's to Barry and Paul!,,http://www.telegraph.co.uk/news/uknews/law-and-order/10587073/Dave-Lee-Travis-assault-interrupted-by-Chuckle-Brothers-court-told.html,1510299509.0,13170,0.91,515,CasualUK,[deleted]
7bx5w0,I hit the crumpet jackpot,,https://i.imgur.com/Sabs8Cg.jpg,1510269172.0,388,0.98,28,CasualUK,Slothalotta
7bw2t0,IAMA Greggs Manager,Last time I did this I ended up falling asleep but now I'm back for round two!,https://www.reddit.com/r/CasualUK/comments/7bw2t0/iama_greggs_manager/,1510259289.0,84,0.93,118,CasualUK,greggsagain
7bvm0h,Classic train toilets,,https://i.redd.it/s2unahpp20xz.jpg,1510255244.0,75,0.87,14,CasualUK,Ollymamabevaniomplow
7bv0m8,the greatest moment in tv history was when jamie oliver showed children how mcnuggets are made and smugly said 'now who would still eat this?' and literally everyone put their hand up and he looked really sad,[deleted],https://twitter.com/demarionunn/status/928409560548769792,1510250361.0,261,0.98,86,CasualUK,[deleted]
7buvaf,Unsheathe your swords and load your arrows! It's on,,https://i.redd.it/566jwgk8fzwz.jpg,1510249057.0,94,0.93,52,CasualUK,lackofemotions
7bukp2,Cumbria: home of Britain's finest investigative journalism,,https://i.redd.it/a4b6d6arczwz.jpg,1510246525.0,196,0.98,29,CasualUK,ShitsnGrits
7btt06,How much of your area is built on? (thought it was interesting),,http://www.bbc.co.uk/news/uk-41901294,1510239599.0,81,0.96,58,CasualUK,Sparrow991
7bthm3,"Buckfast Abbey, Devon (Yes, that Buckfast Abbey)",,https://www.buckfast.org.uk/images/uploads/2---homepage-bg.jpg,1510236387.0,279,0.99,33,CasualUK,DAJ1
7btdka,Everyone loves a night down the local...,,https://i.imgur.com/mJC7Z4oh.jpg,1510235179.0,226,0.93,54,CasualUK,GourangaPlusPlus
7bt8ng,How to be successful on Tinder,,https://i.redd.it/yz7u13b8aywz.jpg,1510233556.0,139,0.91,32,CasualUK,[deleted]
7bsaxe,NAME THAT GRITTER,[deleted],https://twitter.com/MyDoncaster/status/928300450100711426,1510219880.0,55,0.91,62,CasualUK,[deleted]
7bs7c5,Hitchcock moment...,[deleted],https://i.imgur.com/fhst9gn.jpg,1510218238.0,166,0.98,19,CasualUK,[deleted]
7brso5,The definition of irony,,https://i.pinimg.com/564x/02/e6/1e/02e61e32607b9b6977b26f7f4faab86e.jpg,1510211573.0,3994,0.92,214,CasualUK,DaCukiMonsta
7brkkq,I got a wrong number message from a slimming club...,,https://imgur.com/qm6Y3jN,1510208425.0,97,0.93,55,CasualUK,Palerider_GB
7brbh7,Having recently came to UK one of the things that amazes me most and that there doesn't seem to be flies or mosquito or cockroaches here,,https://i.imgur.com/DMpgLEF.png,1510205064.0,112,0.94,66,CasualUK,VoidTorcher
7bp908,"Nothing to see here folks, just some casual feet in Cineworld",,https://i.redd.it/m1rcnm8l3uwz.jpg,1510182897.0,67,0.98,42,CasualUK,goldsilvy
7bor8p,"Grand Theft Auto: UK, what would be in it?",[deleted],https://www.reddit.com/r/CasualUK/comments/7bor8p/grand_theft_auto_uk_what_would_be_in_it/,1510178304.0,228,0.98,150,CasualUK,[deleted]
7bo4zb,Detectorists returns for S03E01 on BBC Four this evening at 10pm,,http://www.bbc.co.uk/programmes/b06l51nr,1510172816.0,87,0.98,15,CasualUK,GregorF92
7bn2aj,My bread has been replaced,,https://imgur.com/BlqkxqW,1510163998.0,590,0.98,47,CasualUK,ASK_IF_IM_PENGUIN
7bmt9f,Insightful comments from Chiltern Railways,,https://i.imgur.com/C1qy4vM.png,1510161894.0,115,0.97,20,CasualUK,SquireBev
7blf4c,Oh for fucks sake.,[deleted],https://i.imgur.com/kgrGvIM.jpg,1510149124.0,186,0.94,42,CasualUK,[deleted]
7bjxpu,And after all...,,https://i.imgur.com/37WyBqj.jpg,1510127824.0,8021,0.92,178,CasualUK,MykeeBee
7bjry2,Silly John Lewis. That's not how toasters work.,,https://i.imgur.com/vjHacRr.jpg,1510125430.0,119,0.95,28,CasualUK,SquireBev
7bh4gm,The home of witty banter.,[deleted],https://i.redd.it/9d2iocixymwz.jpg,1510096582.0,272,0.97,21,CasualUK,[deleted]
7bgs4d,Figured out the reason behind the disappearance of Whiffers,,https://i.imgur.com/VfMW6xT.jpg,1510093348.0,105,0.91,24,CasualUK,Tombaski
7be6j2,"Statue, exterior of St Chad's Cathedral, Birmingham",,http://www.speel.me.uk/sculptplaces/scplacepicb/bhamstchadstat.jpg,1510071196.0,66,0.93,11,CasualUK,TheAkondOfSwat
7bdls3,Got a thank you gift for reuniting that Smoked Eel with its proper recipient!,[deleted],https://i.redd.it/ezddbk0yfkwz.jpg,1510065989.0,61,0.95,12,CasualUK,[deleted]
7bcm7t,"Merseyside Police found a suspicious vehicle parked in the centre of Liverpool today, stay safe out there guys",[deleted],https://www.reddit.com/r/CasualUK/comments/7bcm7t/merseyside_police_found_a_suspicious_vehicle/,1510054605.0,284,0.95,58,CasualUK,[deleted]
7bc6pw,Reading Berkshire - Lair of Cthulhu,,https://i.redd.it/rdlaimihyiwz.jpg,1510048030.0,143,0.97,19,CasualUK,Swiftyarrow
7bc44u,Castle Quest,"OpenReach are here to run in your new office broadband. To get access to the comms cabinet you must find ""Amy"". ""Amy"" if placated will call ""Ben"". You must rest. Only then may ""Ben"" summon you. 

""Amy"" will then release the ""Comms Cabinet Key"".

You must now locate ""The Meter Cupboard"" if you have found a label on a discarded master socket cover in ""The Comms Room"".

""The Meter Cupboard"" is located behind a barred and locked gate and is then itself locked.

To gain access through the Barred Gate you must seek ""Simon Blyth"". Using your powers of deduction you will find that he is not a human but a corporate entity, an ""Estate Agent"". Approaching him/her you must show deference, but no ID. You will learn that the key to the ""Meter Cupboard"" is hidden in the paper drawer of a laser printer and incorrectly labelled.

""Simon Blyth"" will not be able to help you to access the Barred Gate. For this you must quest further to find an immaculately coiffured and three-piece-suited gentleman in a financial advisors. 

Address him correctly and he will leave his office by the rear entrance to the tunnel of escape and reappear at the now magically opened Barred Door to the Tunnel of Escape.

Your quest is not complete, but the way forward is within your OpenReach.",https://www.reddit.com/r/CasualUK/comments/7bc44u/castle_quest/,1510046844.0,53,0.95,28,CasualUK,aperijove
7bbzwj,I don't know what to believe anymore.,,https://i.redd.it/hrckknz3piwz.png,1510044932.0,274,0.99,33,CasualUK,[deleted]
7bbsz7,Good PR department.,,https://i.redd.it/eoj7t9cwfiwz.jpg,1510041754.0,22250,0.93,445,CasualUK,DefinitionOfTorin
7b8bay,Absolute chaos in Kings Cross today,,https://i.imgur.com/rOgs0w7.jpg,1510003637.0,237,0.97,28,CasualUK,Swiftarm
7b7iwk,I know shrinkflation is a thing but this really does extract the urine,,https://i.imgur.com/URD0us0.jpg,1509996919.0,62,0.94,29,CasualUK,puppet_life
7b6n65,What's up with the weird breathy cover songs in adverts?,"Granted they aren't featured in every advert, but they take all the enjoyment away from the original song!

*  [Fairy Non Bio: Head, Shoulders, Knees and Toes](https://www.youtube.com/watch?v=HTdp7jSRDqk)

*  [Praise you - By Your Side Lloyds Bank](https://www.youtube.com/watch?v=PAoZQjagOy8)

*  [Stand by Me - Coral Windows](https://www.youtube.com/watch?v=OAg_zzpKjqA)",https://www.reddit.com/r/CasualUK/comments/7b6n65/whats_up_with_the_weird_breathy_cover_songs_in/,1509989282.0,134,0.98,90,CasualUK,Primodummy
7b5v5y,I've just got a new job!,"Well the last month has been propper wank, with all the redundancy bullshit going on at work, and the fact I got talked into staying with the promise of a pay rise, 

I've now found another job, which I cannot be talked out of! 

Brilliant stuff. 

",https://www.reddit.com/r/CasualUK/comments/7b5v5y/ive_just_got_a_new_job/,1509982484.0,117,0.95,39,CasualUK,X573ngy
7b5cep,The UK's Hottest Wheelie Bins 2018 Calendar,,https://www.wheeliebinstoragedirect.co.uk/shop/the-uks-hottest-wheelie-bins-2018-calendar/,1509977428.0,64,0.98,11,CasualUK,CavortingUK
7b4rbt,Tesco up their game after last year's glitter debacle.,,https://i.redd.it/15lem2g1kcwz.jpg,1509970509.0,246,0.98,31,CasualUK,mrssupersheen
7b4nz4,Monday morning auto-pilot malfunction.,,https://imgur.com/lOKdTj1,1509969320.0,340,0.96,30,CasualUK,[deleted]
7b4cyr,Frosty Swindon this morning,,https://i.imgur.com/7tBUnTn.jpg,1509964523.0,154,0.98,17,CasualUK,djlr
7azoer,"Been crammed onto a train after mine was cancelled, I think it's more than Chris Kamara was expecting in first class",,https://gfycat.com/gifs/detail/BitterSpeedyKakapo,1509910009.0,131,0.97,26,CasualUK,jacko189
7azfss,All the fireworks outside are really adding to the ambience of the new COD game,,https://www.reddit.com/r/CasualUK/comments/7azfss/all_the_fireworks_outside_are_really_adding_to/,1509907845.0,62,0.96,13,CasualUK,Scotteh95
7azas0,How are your furry little friends doing?,,https://i.imgur.com/Shc2lR4.png,1509906628.0,228,0.95,34,CasualUK,PM_ME_CAT_TOES
7az1kg,This afternoon at the top of Leith Hill,,https://i.redd.it/nncbi4vy27wz.jpg,1509904251.0,72,0.99,6,CasualUK,smeggles
7aykmu,Reddit AI turns its attention to us...,,https://imgur.com/gSSM1Q9,1509899785.0,84,1.0,8,CasualUK,zeugma25
7aya95,When you and your partner share quality banter üëå,,https://imgur.com/lKQP3mg,1509897012.0,126,1.0,17,CasualUK,[deleted]
7ay825,"Right, you sods, you‚Äôre stuck with me now...",Just got my Permanent Residence!,https://www.reddit.com/r/CasualUK/comments/7ay825/right_you_sods_youre_stuck_with_me_now/,1509896378.0,66,0.96,24,CasualUK,white_ran_2000
7axy7y,Handy public weather forecast at a Bewdley chippy,,https://i.redd.it/6um2ojhw66wz.jpg,1509893458.0,103,0.92,11,CasualUK,PastaWalrus
7ax3k1,I'm filled with disappointment when I should be filled with Halloumi,,https://i.redd.it/zgvaoij285wz.jpg,1509881730.0,10028,0.94,494,CasualUK,Preparingtocode
7ax1e1,The guys who hang the tasteful Christmas Tree lights on our lampposts weren't paying attention,,http://imgur.com/ZYojjJR,1509880667.0,86,0.94,20,CasualUK,goldfishpaws
7au0g9,"If you thought yesterday's map couldn't get any worse, I present to you The Scramble for Britain",[deleted],https://i.imgur.com/829LE0S.jpg,1509837096.0,56,0.93,62,CasualUK,[deleted]
7atru2,"I don't even like liquorice, but I couldn't turn down a bargain like this",[deleted],https://i.redd.it/0wipz95lb1wz.jpg,1509834491.0,80,0.9,13,CasualUK,[deleted]
7atbv3,Got quite a nice shot from today's firework show,,https://i.redd.it/xulxjl5vx0wz.jpg,1509829874.0,227,0.99,15,CasualUK,[deleted]
7as8o8,"Bob Mortimer's""Theft &amp; Shrubbery"" is one of my absolute favourite clips from a panel show. What strange things did you get up to as a kid?",[deleted],https://youtu.be/MsuuiVzS6Js,1509818943.0,69,0.97,10,CasualUK,[deleted]
7aqwn0,Spoon trick,"If you are in a Witherspoon‚Äôs, top comment gets a pint to their table via the spoon app. 

Just let us know the name of the pub and your table, I‚Äôll send the drink of your choice in 30 mins.

And no this isn‚Äôt an advert, just spreading the love.",https://www.reddit.com/r/CasualUK/comments/7aqwn0/spoon_trick/,1509805460.0,76,0.93,24,CasualUK,DarkMarksPlayPark
7aqb0m,10 sequential ¬£20 notes. Rare?,,https://i.imgur.com/vyRBLQO.jpg,1509797728.0,76,0.94,25,CasualUK,[deleted]
7aq77e,"Seriously, who thought wiping your arse with a rope would be a good idea?",,https://imgur.com/RnuKgUP,1509796053.0,121,0.98,33,CasualUK,RRGeneral
7aq1vr,"Views from the Medway: Rochester Cathedral, Rochester Castle, and the Soviet submarine.",,https://i.imgur.com/i2VOi8E.jpg,1509793645.0,62,0.97,16,CasualUK,Jimmyjamjames
7apoo0,"It has it's problems, but when you really need it, the NHS is bloody amazing.",[deleted],https://www.reddit.com/r/CasualUK/comments/7apoo0/it_has_its_problems_but_when_you_really_need_it/,1509787025.0,5280,0.91,586,CasualUK,[deleted]
7apjm8,Hoot hoot,,https://i.imgur.com/34IewPL.jpg,1509784257.0,116,0.97,22,CasualUK,jptoc
7anjhv,"A map of the UK split into 16 countries of equal population, how happy are you with where you are?",[deleted],https://i.imgur.com/tfpQOZB.jpg,1509755369.0,80,0.95,93,CasualUK,[deleted]
7am1gp,Police find 'WW2 bomb' was big courgette,,http://www.bbc.co.uk/news/world-europe-41857694,1509740245.0,70,0.94,10,CasualUK,[deleted]
7akq6n,If you're having a bonfire this weekend please remember the hedgehogs.,[deleted],https://www.reddit.com/r/CasualUK/comments/7akq6n/if_youre_having_a_bonfire_this_weekend_please/,1509728509.0,421,0.97,42,CasualUK,[deleted]
7aknj4,"No Google, I didn't.",,https://i.imgur.com/fxHUbih.jpg,1509727866.0,86,0.98,22,CasualUK,thetoastmonster
7aju3v,Can we all just take a moment and appreciate the price and quality of Morrison's doughnuts.,[deleted],https://i.redd.it/l5jy7pw6wrvz.jpg,1509720381.0,191,0.95,41,CasualUK,[deleted]
7aj106,Was waiting for a stone sample at work and got sent 5kg of Smoked Eel destined for the Brook Club in London instead,[deleted],https://i.imgur.com/pETyffm.jpg,1509711950.0,63,0.98,33,CasualUK,[deleted]
7aiw7p,These notices are a little extreme: the fabled Great Shite Shark.,,https://i.imgur.com/0x4Ij5l.jpg,1509710330.0,80,0.97,23,CasualUK,DougRocket
7aicr3,Timelapse video of my commute this morning,,https://i.imgur.com/KRtvDrg.jpg,1509702271.0,622,0.97,50,CasualUK,seanbear
7afhbf,'Absolutely Disgusted!',[deleted],https://i.redd.it/8y9igh7cbnvz.png,1509664965.0,168,0.98,17,CasualUK,[deleted]
7aexmp,WHSmith saving us all money,,https://i.redd.it/3pfmq0xfwmvz.png,1509659897.0,264,0.98,17,CasualUK,xkimlam
7aef2n,Who are these people setting off fireworks on seemingly random days between Halloween and Bonfire Night?,"Every day since 27th October, at least one household on my street has put on a home firework display. As far as I'm aware, there aren't any major religious festivals going on at the moment, and I'd expect  most people to wait until 4/5th November (a better time for partying too, as it's a weekend) for a Bonfire Night firework display.

What am I missing? Is my street full of firework-loving lunatics? Has anyone on here done fireworks this week?

Sorry if this all sounds like a big moan, but it panics my dog and he tends to shit on the floor.

Edited - a minor clarification",https://www.reddit.com/r/CasualUK/comments/7aef2n/who_are_these_people_setting_off_fireworks_on/,1509655259.0,195,0.98,66,CasualUK,Shart-Garfunkel
7adh4l,Passed my driving test a few months ago. Is there a nationwide inside joke to not to use indicators?,"I'm not talking about obvious moves like waiting in a lane that only turns right. But literally on busy roads, roundabouts, turnoffs etc. 

IS IT THAT HARD? IM A SHIT DRIVER AND I CAN DO IT. 

",https://www.reddit.com/r/CasualUK/comments/7adh4l/passed_my_driving_test_a_few_months_ago_is_there/,1509647128.0,642,0.95,252,CasualUK,[deleted]
7ad5ou,What do you think the minimum punishment should be for people that choose the minus offer on the Chase?,[deleted],https://www.reddit.com/r/CasualUK/comments/7ad5ou/what_do_you_think_the_minimum_punishment_should/,1509644407.0,55,0.96,29,CasualUK,[deleted]
7acmto,Best Email I've received all week.,,https://i.redd.it/8ukee4lo8lvz.png,1509639841.0,93,0.87,42,CasualUK,HideTheGarlic
7aceh3,Wordy,,https://i.redd.it/feu43pol1lvz.jpg,1509637795.0,68,0.93,23,CasualUK,OiledUpBooty
7abpkv,"Doncaster council finds a speedboat, left on a road.",,https://twitter.com/MyDoncaster/status/925388665278386176,1509631515.0,66,0.95,6,CasualUK,JWadie
7abapz,"CasualUK, Mind and I need your help!","Hello, I'm raising money for the MIND mental health charity. As the logo is blue and white, I've decided it could be fun to dye my hair light blue. If anyone would like to donate to the charity, click this link https://www.justgiving.com/fundraising/ethan-francois .
I'm also doing a skydive for them in 2018 and the donations will go towards that (I won't be getting any of the money, it'll all go towards this good cause.) I'd really appreciate any donations towards the charity, even 20p would go a long way.

I'll update you with the date of the skydive and the pictures of my dyed hair soon. Thank you!

Donators:
/u/Warp__  - ¬£100! Thank you so much!
/u/ObnoxiousChap - ¬£50! Cheers for that!
/u/lgbtpianist - ¬£10! Give this good human some love!
/u/dannysherms - ¬£10! Lovely bloke with a lovely spirit. Thank you!
/u/Cant-think-of-a-name - ¬£10! Generous soul with a generous face!
british_heretic - ¬£100! - 100% awesome, 100% love,  100% legend.
/u/KaiRaiUnknown - ¬£20! Best type of person in the world. Nothing but love.
iamnotyourmother - ¬£20! My not mother is helping as much as my real one xx
/u/Whiffers - ¬£10 - Cheeky on the streets, Whiffy in the sheets.
Fiofo - ¬£50! Nothing but love for people like you!
mitch1975 - thank you for helping, I hope all is well with you! üíôüíô
",https://www.reddit.com/r/CasualUK/comments/7abapz/casualuk_mind_and_i_need_your_help/,1509627321.0,101,0.95,59,CasualUK,[deleted]
7aba3f,"After becoming richer than I could possibly imagine just a few days ago, I think I'm now ready to end world hunger.",,https://i.imgur.com/tFVJIhv.jpg,1509627127.0,82,0.88,17,CasualUK,losimagic
7ab2c2,New Flavoured Condom from PG Tips,,https://i.redd.it/qejz37ujzjvz.jpg,1509624656.0,196,0.94,23,CasualUK,DeatH_D
7aarn3,‚ÄúWe apologise for any inconvenience caused‚Äù,"English translation: ‚ÄúWe messed up big enough to warrant telling you about it, but  give such a small fuck we can‚Äôt be bothered to think of a proper apology‚Äù",https://www.reddit.com/r/CasualUK/comments/7aarn3/we_apologise_for_any_inconvenience_caused/,1509620832.0,62,0.94,15,CasualUK,Traffodil
7aaoyr,Clarification on the rules,"Hi squad, 
 
Receiving a lot of reports from people who are unhappy with inconsistent moderation so I'd like to take the time to reiterate and clarify the rules and act as a punching bag if you have any grievances so that I can liaise with the rest of the team.  
 
I will be working on some proper rhetoric now that we're a 'proper sub'. When /u/GazzaKnight and I made this sub as a bit of a joke, we laughed about trying to get 10,000 subs by Christmas. It looks like we'll probably smash 65k at current rates so the sidebar does need updating. It genuinely has not been touched since day 1 as we felt it was part of the charm.
 
__________________________________________________ 
-  No Politics. 
 
Does what it says on the tin. If you're thinking about posting a clever quip about the Government like you're Ian Hislop or something, give it a miss. 
 
Some people have tried to argue that everything in the world is linked to politics and that this should therefore be a blank sub... just use your common sense and report it if it looks too close to the mark. We can investigate and discuss internally. 
 
__________________________________________________ 
- No shit throwing 
 
This rule seems to be getting a little blurred at the moment. Calling southern people posh pansies, or northern people cavemen is not shit throwing. These are lazy stereotypes that we have all grown up with and we have surely all had a chuckle about. 
 
Launching a tirade of abuse at a fellow user is shit throwing. If you are calling someone ""a fucking cunt"" then you are in breach of the rule. If you are being unnecessary combative you are also in breach of the rule. Tone it down and call them a ~~slappywag~~ helmet or something. 
 
I think this sub has a clear community to it, a clear tone of address. It's pub talk and we're all a load of mates. 
 
__________________________________________________ 
- Nothing nice to say, don't say it. 
 
Another blurred rule that I, if I can get round to it today, will work on some wording to rectify. 
 
If a user poses a question that asks ""what is your favourite British film?"" and you reply ""I hate films!"" then you are not contributing to the thread in any way, shape or form. The question clearly wasn't meant for you and we will remove any comments of that ilk. 
 
if the question is ""do you like British films?"" then feel free to post your thoughts. It's just about using some common sense, reading the question, not pissing on bonfires for the sake of it and try to be supportive, encouraging etc.  
 
This is a good place for good people and we want to keep it that way. 
 
As always, please report comments/posts that you feel don't contribute in a positive manner and if you want to slag me or the mod team off in a report comment... Maybe grow the stones to do it in the modmail and we can chat with you about it there and then. 
 
__________________________________________________ 
Opening the floor to you all for thoughts, comments, queries and suggestions. 
 

",https://www.reddit.com/r/CasualUK/comments/7aaoyr/clarification_on_the_rules/,1509619803.0,135,0.99,142,CasualUK,[deleted]
7aaowr,S'foggy out.,[deleted],https://i.redd.it/9on61ll0ljvz.jpg,1509619776.0,129,0.97,3,CasualUK,[deleted]
7aanfz,Cracking deal on jam doughnuts in Sainsbury's!,[deleted],https://i.redd.it/5dr8bxnlijvz.jpg,1509619160.0,135,0.95,15,CasualUK,[deleted]
7aae94,Hobnob is spelt nobnob on my receipt. Hmm...,,https://i.redd.it/ggwo0j647jvz.jpg,1509615110.0,702,0.98,44,CasualUK,Mr5wift
7a6ynb,But it's all stuck to the ceiling Miss.,,https://i.redd.it/tu3vcezcsfvz.jpg,1509573775.0,164,0.96,16,CasualUK,Immortal_Jaz
7a6ejb,Peasants!,,https://i.redd.it/gt89r4xddfvz.jpg,1509568739.0,7504,0.94,447,CasualUK,Immortal_Jaz
7a6b58,When you have to go around the circumference of the earth to reach the nearest toilet,,https://i.imgur.com/IG3wvwv.jpg,1509567850.0,68,0.95,4,CasualUK,meekamunz
7a66i6,Which part of the uk is the worst and why is it the midlands?,,https://i.redd.it/a1aaeujq6fvz.png,1509566686.0,82,0.85,105,CasualUK,Nedks
7a4gaw,The unwanted.,,https://i.redd.it/bms8o0baydvz.jpg,1509551579.0,93,0.96,39,CasualUK,thesaltwatersolution
7a42w4,We've finally moved into the new flat!,,https://i.redd.it/8bnp8x6aodvz.jpg,1509548192.0,119,0.94,54,CasualUK,StardustOasis
7a3lbu,Biscuit lover finds plain biscuit in pack of milk chocolate digestives,,http://www.portsmouth.co.uk/business/biscuit-lover-stunned-to-find-plain-digestive-in-milk-chocolate-pack-1-8224342,1509543308.0,108,0.97,20,CasualUK,InappropriateSurname
7a3elh,My nan and her friend,,https://pics.me.me/my-nan-and-her-friend-pauline-have-been-missing-since-14919945.png,1509541310.0,1091,0.97,51,CasualUK,Minky_Dave_the_Giant
7a3ek9,Congratulations to Colonel Sanders on his recent Knighthood!,,https://imgur.com/a/mGRxW,1509541298.0,138,0.94,22,CasualUK,[deleted]
7a2kwp,Quite a catchy name for a plant,,https://i.redd.it/8x2584536cvz.jpg,1509529965.0,77,0.97,6,CasualUK,[deleted]
7a2d8x,Today‚Äôs Metro cover pulling no punches,,https://i.redd.it/rdj97svmubvz.jpg,1509526123.0,110,0.96,31,CasualUK,[deleted]
7a2678,Selling your virginity on eBay,"I just woke up this morning with the feeling of dread that I am not a clever man.

When I was 13 years old a friend told me a story that someone was selling their virginity on ebay.

Egads, I thought. Does that mean after she sold it, the person she sold it to would now be considered a Virgin? 

I literally thought the point of the story was that she was selling the status of being a virgin to someone else.

I am 24 years old now and just realised this.",https://www.reddit.com/r/CasualUK/comments/7a2678/selling_your_virginity_on_ebay/,1509522495.0,352,0.96,77,CasualUK,[deleted]
7a24ku,"If two bottles of water cost 70p, how much does one bottle cost?",[deleted],https://www.reddit.com/r/CasualUK/comments/7a24ku/if_two_bottles_of_water_cost_70p_how_much_does/,1509521701.0,1050,0.95,145,CasualUK,[deleted]
7a1tzn,Because my 12 other husbands I currently have do not match up to you. I'm so delighted that I'm your favourite wife out of the lot!,[deleted],https://i.redd.it/fqfh0m3p2bvz.jpg,1509516730.0,109,0.92,22,CasualUK,[deleted]
79zaka,Did any of you ever watch Brainiac?,"You know, the thing with Richard Hammond where they blew up a load of shit.

It was pretty cool",https://www.reddit.com/r/CasualUK/comments/79zaka/did_any_of_you_ever_watch_brainiac/,1509487813.0,128,0.99,71,CasualUK,Nicksaurus
79xp50,I recently visited Manchester. This guy would greet me every morning as I looked out the window.,,https://i.redd.it/4zhvwvynj7vz.jpg,1509474048.0,70,0.95,10,CasualUK,9Ghillie
79w47h,"So this showed up in our department today, waiting to be devoured.",,https://i.redd.it/4jzt557ye6vz.jpg,1509460334.0,156,0.95,25,CasualUK,ReallyHadToFixThat
79v7v6,This is getting out of hand,[deleted],https://i.redd.it/9936ct8sm5vz.jpg,1509450853.0,56,0.89,27,CasualUK,[deleted]
79v698,Great British Bake Off judge accidently reveals winner on Twitter - She shall feelt the wrath of the British people now,,http://www.bbc.co.uk/news/entertainment-arts-41817713,1509450280.0,89,0.97,65,CasualUK,Lawandpolitics
79v380,"The ""Mess Rules"" for the Queen Elizabeth Carrier",,https://pbs.twimg.com/media/DNdk9aEXcAEWoLt.jpg:large,1509449153.0,62,0.96,37,CasualUK,Warp__
79up39,That's a familiar looking mug. Spotted on Paddington Station 24/7 (Channel 5) lastnight,,https://imgur.com/yWhld4S,1509443461.0,185,0.98,9,CasualUK,DiapersFullOfDrugs
79uepf,Chairs looking quite different in London these days,,https://i.redd.it/5umcbjxql4vz.jpg,1509438375.0,5604,0.95,380,CasualUK,santiago-munez
79nock,"Roses are red, the walls are plastered...",[deleted],https://i.imgur.com/fijRvaO.jpg,1509369857.0,1099,0.98,28,CasualUK,[deleted]
dqhic2,Salford gets a bad rep sometimes but it's got some absolute gems like Ordsall Hall,,https://i.redd.it/0hzoai3xi8w31.jpg,1572683819.0,279,0.98,28,CasualUK,rjax300
dqhewp,Surely everyone in the UK knows this jingle...,[deleted],https://i.redd.it/dbjwi6ljg8w31.jpg,1572683041.0,68,0.89,9,CasualUK,[deleted]
dqhcy2,Currently stuck in an existential crisis...,,https://i.redd.it/lvi451w9f8w31.jpg,1572682593.0,328,0.98,6,CasualUK,mike5537
dqgxjo,England v South Africa RWC Final Thread,"Kicking off at 9 GMT, this is the place to discuss pre match buildup, the game, and hopefully post match success.",https://www.reddit.com/r/CasualUK/comments/dqgxjo/england_v_south_africa_rwc_final_thread/,1572679134.0,77,0.94,329,CasualUK,GFoxtrot
dqge2l,Just met this gorgeous on the way home :),,https://i.redd.it/qcyakdmwr7w31.jpg,1572674739.0,96,0.99,6,CasualUK,MiaumuruChan
dqf161,The Buzz and Woody that are playing Sheffield arena are the stuff of nightmares.,,https://i.redd.it/qcplaxlo07w31.jpg,1572665581.0,113,0.99,5,CasualUK,robula88
dqcvb4,Some times I feel that I never appreciate the beauty of this country that's right on our doorstep,,https://i.redd.it/i0zbj7gsy4w31.png,1572653810.0,156,0.97,19,CasualUK,taylorw_91
dqca2i,Truly the most english costume imaginable,,https://i.redd.it/yotipqqc82w31.png,1572650926.0,134,0.97,7,CasualUK,Dorramu
dqbvsy,Good to see our police force keeping the peace,[deleted],https://v.redd.it/f5o17bq6f3w31,1572649084.0,193,0.97,15,CasualUK,[deleted]
dqblat,Caterpillar royale,,https://i.redd.it/0ae7vt2jj5w31.jpg,1572647703.0,237,0.97,29,CasualUK,ElvenPrincess97
dqb4j9,Someone in Datchet belongs on this Sub,,https://i.redd.it/v9zbtl4yc5w31.png,1572645540.0,143,1.0,7,CasualUK,bungle_bogs
dqatnc,I sure hope not...,,https://i.redd.it/pzx8to8395w31.png,1572644197.0,137,0.99,6,CasualUK,DukeJontyF
dqahw0,They can smell your fear,[deleted],https://i.redd.it/iy57jaaq45w31.jpg,1572642769.0,431,1.0,46,CasualUK,[deleted]
dqa6ih,A new mystery supermarket is opening near me- any clue what?,,https://i.imgur.com/7qcCRf2.jpg,1572641419.0,800,0.99,92,CasualUK,HumanCStand
dqa6bb,"I like all kinds of chocolate, so my partner made me these all-in-one choccys out of 3 bars! Super tasty, and all for less than a quid!!",,https://i.redd.it/78axb8wq05w31.jpg,1572641392.0,90,0.93,7,CasualUK,Benbored94
dq9toc,"This picture I took of the Haymarket landmark in Newcastle, built in 1908 and the oldest war memorial in the city. It remembers the 370 soldiers from Northumbrian regiments who were killed in the 1899 to 1902 conflict in South Africa.",,https://i.redd.it/0v9ek5c4w4w31.jpg,1572639830.0,102,0.97,5,CasualUK,StronkBushman
dq8kj2,Are these made from British potatoes that are great? Or just regular potatoes from Great Britain?,,https://i.redd.it/4uqmlb70g4w31.png,1572634427.0,64,0.97,12,CasualUK,vigilandy1
dq8d5w,I know many of you aren't a fan of Halloween. But dressed up as a national treasure/stuff of nightmares for Halloween.,,https://i.redd.it/dj1l74mcd4w31.jpg,1572633520.0,7106,0.96,266,CasualUK,pippoppippop
dq7lj2,Just popped to Morrison's for a few weekend necessities and BOOM!! Never been so oddly satisfied.,,https://i.redd.it/qt8lq40334w31.jpg,1572630066.0,108,0.93,17,CasualUK,SmallDicedRedPepper
dq7hjs,Spotted this ongoing debate walking back from the shops today,,https://i.redd.it/lajxqsrl14w31.png,1572629589.0,97,0.98,10,CasualUK,Yargo14
dq7bv1,Just a $200m super yacht casually moored up by the Tower Bridge on the Thames!,,https://i.redd.it/1fxkxxxkz3w31.jpg,1572628893.0,289,0.96,75,CasualUK,MrBiggles87
dq6jof,My sister hit the jackpot with this rebate from her insurance company. Kerching!,,https://i.redd.it/osjoq7lhp3w31.png,1572625494.0,99,0.98,13,CasualUK,CrappeLatte
dq6d5y,My crisp addiction continues - started to make my own to start the weekend right,,https://i.redd.it/tyzk93q1n3w31.png,1572624713.0,107,0.96,29,CasualUK,keepmepostedx
dq5zc4,Bye bye leaves. Now for a cuppa while we await winter.,,https://i.redd.it/88cgdu2ai3w31.jpg,1572623073.0,60,0.95,6,CasualUK,shakakhannn
dq4dt1,Raaaaar-o-ween (courtesy of a Heinz tomato ketchup crisp),,https://i.redd.it/uhgbz6r8w2w31.png,1572615667.0,134,0.96,6,CasualUK,Holtiex90
dq2oli,I expect they'll catch him in no time!,,https://i.redd.it/b1ak8ojz32w31.jpg,1572606156.0,163,0.99,15,CasualUK,wattledchicken
dq2la1,"Feel bad for the Welsh. They played well and scored more against NZ than NZ did against us. Now, all eyes on tomorrow‚Äôs game...",,https://i.redd.it/taa7kc3622w31.png,1572605545.0,75,0.93,10,CasualUK,thedudeabides80
dq2iqt,Trick or treat,,https://i.redd.it/spt8b9xo02w31.png,1572605061.0,126,0.98,16,CasualUK,harambaby2020
dq210h,"Decent from High Street, Cumbria",,https://i.redd.it/55jfuj3dq1w31.jpg,1572601575.0,63,0.96,1,CasualUK,Notrom747
dq1ygl,In the 'travel essentials' at Heathrow departures - miniature travel marmite. Right next to the mini deoderants and shower gels.,[deleted],https://i.redd.it/ss75gmzuo1w31.jpg,1572601071.0,1995,0.99,115,CasualUK,[deleted]
dq1xo1,"The descent from Scafell Pike, Cumbria.",,https://i.redd.it/s901vsxdo1w31.png,1572600910.0,277,0.99,9,CasualUK,Lord-Loverocket221
dq1wyw,Stuart Lee on his new tour,[deleted],https://i.redd.it/yquls91zn1w31.png,1572600770.0,399,0.98,122,CasualUK,[deleted]
dq1wy4,Interesting - if ill-judged - classified advert in Private Eye's back pages.,,https://i.redd.it/ov3nrnr7n1w31.jpg,1572600764.0,136,0.97,10,CasualUK,PM_ME_GARDENING_TIPS
dq1enf,"Guys, be super careful. I just checked our kid's sweets haul from last night and someone put a Stanley Tylon 5m tape measure in there. Good think I checked. Stay vigilant people!",,https://imgur.com/kzneqI6.jpg,1572596824.0,13673,0.94,404,CasualUK,26326312
dq12k9,Can‚Äôt beat a bit of early morning First Class travel!,[deleted],https://i.redd.it/hmezlmg441w31.png,1572594125.0,137,0.87,52,CasualUK,[deleted]
dq11i7,I work with absolute animals!,,https://i.redd.it/yveurcug31w31.jpg,1572593875.0,197,0.97,53,CasualUK,Fower_Power
dq0tve,"After 2 failed move in attempts, running out of sweets for trick or treaters, the chippy ran out of chips... We decided to watch some TV in bed! Maybe not... We get married next Saturday too and sod‚Äôs law someone will object! Have a good day you lovely people because mines been shit so far!",,https://i.redd.it/cko27zpiy0w31.png,1572592232.0,240,0.94,45,CasualUK,Heps_417
dq0hu1,"C'mon Tom, what you done?",,https://i.redd.it/zyyet8dwq0w31.jpg,1572589649.0,603,0.98,29,CasualUK,LimmyBlades
dpwmun,"At Universal Orlando they have a replica of Kings Cross. Seems like they have taken the realism too far as the train isn't running due to ""technical problems.""",,https://i.redd.it/m75c5beixyv31.jpg,1572567663.0,170,0.98,20,CasualUK,GrumpyGoomba9
dpul3t,"Hyde Park, London earlier today",,https://i.redd.it/2cptnzzl6yv31.jpg,1572558621.0,78,0.98,5,CasualUK,insynco
dptj6i,Bats have full names! Thanks Autumnwatch!,,https://i.redd.it/q8crvsyetxv31.jpg,1572554190.0,219,0.99,11,CasualUK,eddthered86
dptda5,"Hi guys, I'm Jack. For Halloween this year in Liverpool, I decided to go dressed as 'Purple Jacki'...",,https://i.redd.it/x5xnuxngrxv31.jpg,1572553516.0,81,0.81,19,CasualUK,IHateOtherRedditors
dpt47r,Feeling rejected,"Just opened the door to some trick or treaters.

Got out the bucket of candy treats out.

First kid takes one ‚ÄúThank you‚Äù

Second kid ‚Äú I need to see more in the bucket, cant see what there is.‚Äú

I shuffle around bucket , he takes one.

Third kid ‚ÄúNo thanks‚Äù

I had mini chocolates and sweets. All name brands, Cadbury‚Äôs and haribo.

I feel like This is against the rules....Waiting for a trick.

All I can think of is he had allergies but I would have got him something else.

Now I know how my Nan felt when I didn‚Äôt take her up on the offer of a drink round her house. She would list everything in the house she had to drink and I‚Äôd be ‚ÄúI‚Äôm ok‚Äù.",https://www.reddit.com/r/CasualUK/comments/dpt47r/feeling_rejected/,1572552442.0,84,0.97,21,CasualUK,Pinkvanilla
dpspns,Take one and F*** off,,https://imgur.com/4yet8P8.jpg,1572550777.0,13356,0.95,254,CasualUK,korg64
dpsdl9,"Everyone be safe out there, there are gangs of kids out on the streets tonight. These might be the start of the riots we were warned about.",,https://i.imgur.com/XyZGJ4c.jpg,1572549401.0,219,0.96,22,CasualUK,JimmerUK
dps0nv,The Lake District in Autumn is bloody marvelous üçÅüçÇ,,https://i.redd.it/au3o3yblaxv31.jpg,1572547901.0,120,1.0,3,CasualUK,stig0fthedump
dprxwu,So who else is re-enacting the Blitz tonight?,[deleted],https://www.reddit.com/r/CasualUK/comments/dprxwu/so_who_else_is_reenacting_the_blitz_tonight/,1572547583.0,117,0.98,25,CasualUK,[deleted]
dprvoe,This shop in London,,https://i.redd.it/kq5bxiay8xv31.jpg,1572547304.0,82,1.0,6,CasualUK,delt-bravo
dprqsm,"Just saw two kids out trick or treating with their mum. I thought.. ‚Äô that's nice, the mum dressed up too as the honey monster.' Got closer, the mum wasn't dressed up.",,https://www.reddit.com/r/CasualUK/comments/dprqsm/just_saw_two_kids_out_trick_or_treating_with/,1572546740.0,171,0.95,9,CasualUK,ballsako
dprnxo,"Shout out to a tiny place called Spixworth near Norwich, absolutely awesome for Halloween, at least a couple of hundred walking around and everyone so into it. Even the local bobby giving out sweets killing 2 birds with one sweet.",,https://i.redd.it/fyjc5scx5xv31.png,1572546400.0,71,0.92,5,CasualUK,Elgarr2
dprccp,‚Äò8 sounds about right‚Äô,,https://i.redd.it/rkgg6uw92xv31.jpg,1572545052.0,88,0.97,5,CasualUK,beverley123
dpr7dy,"I suppose it‚Äôs a traditionally British obsession; waiting trackside for a steam loco to come through last summer. It was monumentally hot and quite, quite perfect.",,https://i.redd.it/xlhps23l0xv31.png,1572544480.0,62,0.94,22,CasualUK,[deleted]
dpr6rc,Has anyone else noticed that NEXT appear to have hired Gaston as their resident interior designer this year?,,https://i.redd.it/bhb747hd0xv31.jpg,1572544406.0,106,0.96,5,CasualUK,picard47at
dpr1mj,Well I'm not sure what you guys are doing this Halloween evening but I'm using it as an excuse to blast out this charity shop find,,https://imgur.com/n46lGsu.jpg,1572543788.0,420,0.98,83,CasualUK,26326312
dpq9pr,Sunderland is being devoured by a monster!,,https://i.redd.it/xce60tcnowv31.jpg,1572540513.0,139,0.97,18,CasualUK,pineappledipshit
dppg9q,I‚Äôm a zombie!,[deleted],https://i.redd.it/dji9yb776wv31.png,1572537059.0,95,0.95,10,CasualUK,[deleted]
dpp8bw,Postie needs to chill,,https://i.redd.it/oyxlke6mbwv31.jpg,1572536124.0,84,0.96,6,CasualUK,fucksinshortsupply
dpp66e,sainsburgs,,https://i.redd.it/uz0k1rjs5vv31.png,1572535883.0,366,0.98,13,CasualUK,maskkke
dpn986,"Lights were off in Sainsbury's, don't know whether they have just failed or if it is some kind of half-arsed attempt at being spooky",,https://i.imgur.com/nydz0o4.jpg,1572527132.0,90,0.97,12,CasualUK,gardnerfreddie2
dpm6i7,My Girlfriend just became a British Citizen today. Now we're off for a kebab.,,https://imgur.com/RqwxIV4.jpg,1572521396.0,179,0.94,34,CasualUK,Turbojelly
dplshp,Proud to now be part of a great UK tradition,[deleted],https://i.redd.it/bb32juczwuv31.png,1572519061.0,114,0.8,23,CasualUK,[deleted]
dplp2x,Happy 27th anniversary to my primary childhood trauma,,https://imgur.com/EspbZAi,1572518429.0,114,0.99,41,CasualUK,Mish106
dpldv5,I‚Äôve finally found a CBD oil that works and I‚Äôm so happy I want to tell everybody!,"Before I get into this I just want to say that no, I‚Äôm not in any way related or sponsored by any CBD brand. Most of the brands out there are a complete scam. The majority of testimonials that have become viral on social media are either faked or dubious to say the least. Please feel free check out my post history. I‚Äôm just a simple designer from the UK, I‚Äôm in no way an ‚Äúinfluencer‚Äù or a PR marketer trying to pull a fast one. Anyway‚Ä¶

I suffer from Anxiety, and when I say suffer, I mean suffer! I have the type of anxiety that‚Äôs so bad that if I attempt to have a conversation with someone new, I will shake and stutter. If my husband politely asks me to hurry up or tries to surprise me, I will have a full blown anxiety attack. It has been an absolute burden on my life and has prevented me from wanting to socialise in public. It effects my work as I constantly ‚Äúshiver‚Äù and we even decided to elope to get married so that I wouldn‚Äôt have an attack walking down the aisle.

I first heard about CBD from a friend. They sent me one of the many viral videos and I was intrigued. It's pretty easy to get CBD oil these days, so I purchased a bottle online to try.

Honestly I saw no difference. This particular brand recommended that I take a few of their peppermint drops under my tongue, 3 times a day. I did this for 2 weeks and saw no change. I would still shake and stutter. I felt conned.

A few months later my husband saw CBD oil at our local Boots and decided that if Boots where stocking it, it must be a more legitimate product‚Ä¶

NOPE!

These new drops where orange flavoured and had the exact same effect. That being none. Although they looked a lot fancier! So like most people I just threw the bottle away and decided to never bother with CBD oil again. Luckily my wonderful husband doesn‚Äôt give up so easy and he started researching into CBD oil and the differences each give.

To put it as ‚ÄúExplain Like I‚Äôm Five‚Äù as I can‚Ä¶

There are 3 types of CBD oil. These are: Isolate, Broad Spectrum and Full Spectrum.

Now legally in the UK you can only sell CBD oil if that oil has less than 0.3% THC. THC is the psychoactive substance that makes you high in cannabis, but at these levels it doesn‚Äôt. To play it safe, stores like Boots and Holland and Barrett, will only sell Isolate and Broad Spectrum CBD oils. Both of these types of CBD have been stripped (purified) fully of there THC values. Unfortunately during the purification process, these oils lose a ton of the other ‚Äúgood stuff‚Äù that actually helps to make the product work.

So with this in mind, my husband was now looking for CBD oil that was marked as ‚ÄúFull Spectrum‚Äù. This means that all of the goodness is kept in, and nothing is diluted away with unnecessary things like flavouring!

‚Ä¶Unfortunately, finding Full Spectrum CBD oil in shops is like finding hens teeth!

Roll on to a few weeks ago. My sister has recently started selling at the local artisan markets and to show our support we decided to attend.

Her stall was right next to a man claiming to sell ‚ÄúHandmade Artisan CBD oil‚Äù, which obviously peeked my husbands interest...

The gentleman on the stall was really helpful. He confirmed that most CBD oils on the market where not what they say  they are, and where in-fact diluted down so that their CBD percentage was a lot lower than what they claimed it to be. Plus the fact that isolate and broad spectrum is only really good for pet consumption and with the CBD market not yet regulated, CBD companies are getting away with flogging you products that have been proven not to work. (CBD water and CBD bath salts for example).

Honestly at this point I was done with CBD oil and pretty much refused to take it. It didn‚Äôt work for me and I didn‚Äôt see the point. My husband bought some regardless.

Out of curiosity my husband started taking it to help him sleep and my god it worked! After a few nights of listening to him snore I decided I would give it a try.

The first thing I noticed was the taste. The proper stuff tastes like cut grass! Once I had gotten over that I realised that I had stopped shivering. AFTER JUST 15 MINUTES! This effect lasted over 5 hours in total, but even after the event my hands where noticeably sturdier than they typically are.

Since that day I can not express just how much this has changed my life for the positive. Possibly the best example would be last week, when my husband and I travelled to india to attend the wedding of a friend. This was a huge event for me as 1. I have never travelled abroad before and 2. I have never attended a Hindu wedding. I took my CBD oil daily whist I was over there and I didn‚Äôt have a single anxiety attack. Not on the plane, not in a new country, not at the wedding, nothing. We are now planning more trips abroad and a possibly even a second wedding!

I've found that I don't need to take it every day as suggested, but I do have some days that are more stressful than others, which is when I chose to take it.

Apart from the anxiety its really helped with a stiffness I get in my neck. Sometimes my neck just never wants to turn. I've realised that this is no longer an issue for me. Also my sleeping patterns are amazing. I would often stay awake at night worrying about stupid things. Now however, I feel calm. It doesn't make you tired, you just feel really relaxed.

Anyway I hope this helps someone... I'm off to plan a wedding!

&amp;#x200B;

Edit: Apparently I'm an ad. I'm honestly not. Its a shame you get vilified for sharing things that could help others these days. Feel free to check my post history.",https://www.reddit.com/r/CasualUK/comments/dpldv5/ive_finally_found_a_cbd_oil_that_works_and_im_so/,1572516370.0,55,0.67,80,CasualUK,leannekera
dplbae,I took this ages ago. Today seems the right date to share it.,,https://i.redd.it/8r2i2mpnnuv31.jpg,1572515916.0,154,0.99,10,CasualUK,epm73
dpl6q2,Underage omelettes are rife in Morecambe.,,https://i.redd.it/jj80vlh0luv31.jpg,1572515031.0,233,0.97,47,CasualUK,the4tails
dpkkdg,At Waterloo station this morning,,https://i.redd.it/4x6k2cwg7uv31.jpg,1572510472.0,10361,0.96,273,CasualUK,panookies
dpg8xp,Wife bought a tray of eggs off the local farmer. I'm slightly suspicious about one of them...,,https://i.redd.it/dd0shqfp1sv31.jpg,1572484325.0,77,0.97,21,CasualUK,trcr3600
dpfpy2,Jaffa cakes lead to tea addiction,"After whining about wanting to experience Jaffa cakes, a super nice Redditor went to the trouble of shipping a package of Jaffa cakes from London to Arkansas, with the instructions to have them with a proper cup of tea.  Despite not being a fan of hot tea, I found a small box of Yorkshire tea at a World Market in Lafayette, Louisiana, and we had the best little tea and cake party.  Well.  Turns out that Jaffa cakes are as good as I imagined but even more amazing was the discovery that English tea is freaking delicious.  I usually have coffee morning and afternoon but now it‚Äôs all about putting the kettle on.  Thank you, unnamed Redditor - you know who you are!",https://www.reddit.com/r/CasualUK/comments/dpfpy2/jaffa_cakes_lead_to_tea_addiction/,1572481933.0,103,0.98,36,CasualUK,Chrimzee
dpenhh,Avoid the wings,[deleted],https://i.redd.it/y9pd9recgrv31.png,1572477136.0,90,0.98,5,CasualUK,[deleted]
dpduo2,"Praa Sands, Cornwall, on a hot July day",,https://i.redd.it/59zixrf46rv31.jpg,1572473699.0,74,0.98,9,CasualUK,WordBird18
dpc55d,Toadstool,,https://i.redd.it/28944u1pkqv31.jpg,1572466521.0,164,0.98,16,CasualUK,sentienttent
dpc275,Doctor told me I‚Äôm a fat bastard who needs to start seriously losing weight. What nommable dinners do you lot eat that are healthy + don‚Äôt taste like dry cardboard?,,https://www.reddit.com/r/CasualUK/comments/dpc275/doctor_told_me_im_a_fat_bastard_who_needs_to/,1572466149.0,70,0.9,167,CasualUK,AITAApril2019
dpbck0,FFS Colin,,https://i.redd.it/o4xm2pspaqv31.jpg,1572463136.0,93,0.96,5,CasualUK,TheJeck
dpbc79,A blast from the past in Southport,,https://i.redd.it/a0atq6olaqv31.jpg,1572463100.0,112,0.99,29,CasualUK,tlj448607
dpb68b,"Saw this little hedgehog in the garden, so thought i'd give him some grub ready for the long winter",,https://i.redd.it/ki83f48g8qv31.jpg,1572462378.0,456,0.99,35,CasualUK,YorkshirePug
dpaou5,Beautiful morning on Snowdon,,https://i.redd.it/lozklxg72qv31.png,1572460282.0,120,1.0,8,CasualUK,VacuumPanic
dpaikd,Review for a Wedding venue near me,,https://i.redd.it/5pl9xvt10qv31.png,1572459549.0,1288,0.99,71,CasualUK,[deleted]
dp9zi1,Anyone here order a saucepan off Amazon? I think you may have my Nintendo Switch + games.,,https://i.redd.it/9zpxvz63tpv31.png,1572457216.0,227,0.97,35,CasualUK,ArcaneLucario
dp9tr0,I always thought the Midlands were a myth,,https://imgur.com/V7b4A2c,1572456557.0,1808,0.99,102,CasualUK,Nuuleh
dp9mb1,Found by a disused payphone.,,https://i.redd.it/dpxx9yhqepv31.jpg,1572455701.0,61,0.98,1,CasualUK,richh00
dp9gb8,That‚Äôs the spirit,,https://i.redd.it/3jy505s5mpv31.png,1572454946.0,9158,0.98,57,CasualUK,abighazard
dp94my,"Prior Park, Bath. A fly photobombed my reflection shot...",,https://i.imgur.com/JkhcRSk.jpg,1572452916.0,69,0.98,2,CasualUK,ea3y
dp8ivm,A boycott of gingery cakes?,,https://imgur.com/z4s2ri8,1572450316.0,67,0.97,8,CasualUK,Kitescreech
dp87zj,I'm pretty sure no one can open these bad boys with greasy hands.,,https://i.redd.it/4ey562pn4pv31.jpg,1572448992.0,84,0.92,29,CasualUK,elmosesyeah
dp7ru1,"Edinburgh, United Kingdom",,https://i.redd.it/dqzgrb5yejv31.jpg,1572447032.0,119,0.95,9,CasualUK,[deleted]
dp6a7g,"Ow, ouchie",[deleted],https://i.redd.it/eoiios38dov31.jpg,1572439799.0,224,0.95,5,CasualUK,[deleted]
dp4v7r,"Left: South Wales. Right: New South Wales. I can really see the reasoning behind the name, the similarities are striking.",,https://imgur.com/R0SGeBL,1572431337.0,62,0.93,4,CasualUK,rafxgsy
dp4po8,Took a picture of Stonehenge couple of months ago.,,https://i.imgur.com/yncDFzn.jpg,1572430312.0,72,0.91,12,CasualUK,ea3y
dp4l5x,Marks and Spencer think this is an appropriate pre divorce cake,,https://imgur.com/KdORhxS,1572429462.0,87,0.97,30,CasualUK,OnePlayerReady
dp4hsf,Lord forgive me for what I'm about to make,[deleted],https://i.redd.it/7hitlg58gnv31.jpg,1572428815.0,162,0.86,87,CasualUK,[deleted]
dp48g6,Both would make a great play not gonna lie,[deleted],https://i.redd.it/cidp7ci0bnv31.png,1572426917.0,70,0.91,11,CasualUK,[deleted]
dp45g1,Bacon and Sausage with extra Bacon and Sausage from Greggs,,https://i.redd.it/eqlshf749nv31.jpg,1572426278.0,708,0.92,114,CasualUK,SteeMonkey
dp3p5j,"Got handed this leaflet yesterday, not sure what the picture is meant to represent but it looks like God is the monster of a kaiju movie, and the priest an unfortunate victim",,https://i.redd.it/l4tver8xxmv31.jpg,1572422706.0,135,0.94,47,CasualUK,MellotronSymphony
dp3bfs,Early morning autumnal mists at Crummock Water in the Lake District.,,https://imgur.com/9vrHrA3,1572419759.0,2311,0.98,43,CasualUK,Emsicals
dp363i,Spooky crumpet.,,https://i.redd.it/kefvzrsimmv31.jpg,1572418682.0,126,0.95,21,CasualUK,Diffleroo
dozusy,"American here, picked up some chocolate bars (not candy bars), did I do good?",,https://i.redd.it/c7p3q82vzkv31.jpg,1572398956.0,228,0.91,157,CasualUK,3PNK
doympq,Haringay viaduct UK,,https://i.redd.it/3sub53f4jkv31.png,1572393322.0,137,0.98,9,CasualUK,Ancebar
dox3bg,"Edinburgh, western approach road, camera sways cause it‚Äôs bloody freezing and I couldn‚Äôt feel my hand",,https://v.redd.it/l8l0a752zjv31,1572386609.0,65,0.94,7,CasualUK,[deleted]
dox22k,"""Almost brained a seagull with Lord of the Rings after it tried to steal my reduced Morrisons quiche"": thought you might enjoy my colleague's very relatable, very 'CasualUK' outburst today.",[deleted],https://www.reddit.com/r/CasualUK/comments/dox22k/almost_brained_a_seagull_with_lord_of_the_rings/,1572386473.0,72,0.92,11,CasualUK,[deleted]
dovy0g,Mum sends me a photo she took inside a Waitrose that had a bloody wine and tapas bar inside. The South has peaked.,,https://i.redd.it/coyw2og4ljv31.jpg,1572381891.0,362,0.96,76,CasualUK,Rattlesnake4113
79movg,Some classic British humour at Butlins,,https://i.redd.it/ski26tkfvxuz.jpg,1509356892.0,403,0.98,33,CasualUK,killermonkey87
79k4r2,Yet Another Beautiful British Sight from Kent,,https://i.redd.it/elrpec3txuuz.jpg,1509321362.0,70,0.95,14,CasualUK,thatguyagain596
79i15x,"My friends ""Lidl"" mermaid costume",,https://i.redd.it/x4y45y9n7tuz.jpg,1509300458.0,229,0.94,15,CasualUK,glasseyebill
79hste,A proper kebab.,,https://i.redd.it/fd4wc1px0tuz.jpg,1509298203.0,655,0.98,47,CasualUK,Skvinski
79hqei,"Another beautiful British sight, this time the Newcastle version. Does every city have their own?",,https://i.redd.it/tz4u9e8tysuz.jpg,1509297560.0,146,0.99,25,CasualUK,dennisthewhatever
79hm9x,This should do the trick.,,https://i.imgur.com/gz4LUl2.jpg,1509296455.0,182,0.98,6,CasualUK,cubbish
79gkog,Is there a more beautiful British sight?,,https://i.redd.it/qxtcx4zmxruz.jpg,1509284999.0,6241,0.94,266,CasualUK,[deleted]
79giic,Has your Tesco just selected the wrong font size too?,,http://imgur.com/AcWU8uz,1509284204.0,116,0.96,41,CasualUK,halalastair
79gdtv,"Upon closer inspection, this Blue Plaque is not like the others [x-post r/mildlyinteresting]",,https://i.redd.it/5suns6hpkruz.jpg,1509282455.0,275,0.97,37,CasualUK,KumaLumaJuma
79fx4t,With the clocks going back this morning...,"...does anybody else get that warm feeling inside that order is restored now we are back on good old reliable, propper British GMT rather than the flashy British Summer Time?",https://www.reddit.com/r/CasualUK/comments/79fx4t/with_the_clocks_going_back_this_morning/,1509275002.0,241,0.97,54,CasualUK,neoLibertine
79fab3,Why has postman pat not been fired SDS seems worse than Hermes?,"Postman pat always seems late, the parcel has been washed out to sea or eaten by sheep or escaped into ted glens loft, yet he wins an award for best postman...

(Also bah humbug, clocks going back just means extra hour of cbbies this morning!)",https://www.reddit.com/r/CasualUK/comments/79fab3/why_has_postman_pat_not_been_fired_sds_seems/,1509262308.0,61,0.93,14,CasualUK,hogger85
79cixv,The lowest satellite dish I've ever seen!,,https://i.redd.it/6gphuxy6wmuz.jpg,1509223967.0,75,0.96,32,CasualUK,m202a1
79c8zk,The second greatest numberplate in the UK,,https://i.imgur.com/yxqqkGk.jpg,1509220991.0,104,0.95,11,CasualUK,[deleted]
79c5lp,Can‚Äôt believe they got Bruce back!,,https://i.redd.it/jv26nwgckmuz.jpg,1509219982.0,2908,0.95,82,CasualUK,drunkspaniel
79bbql,Spitfire at Duxford today. Only ¬£2750 for a flight in this beast!!,,https://i.redd.it/i83ht8r3uluz.jpg,1509211296.0,97,0.97,27,CasualUK,squidface79
79azqd,England are the U17s football World Cup champions.,"Just beat Spain 5-2 in the final after being 2-0 down.

Not a bad haul this year for the youth teams, should be a solid foundation to build on.",https://www.reddit.com/r/CasualUK/comments/79azqd/england_are_the_u17s_football_world_cup_champions/,1509207778.0,99,0.96,24,CasualUK,CarrowCanary
79azpy,Was clearing out my old school stuff and I found this charming piece of artwork from year 9:,[deleted],https://i.redd.it/3adi3br1kluz.jpg,1509207776.0,286,0.99,23,CasualUK,[deleted]
79alfo,"I'm not kidding, this is a real place that Time Team came across in 1994.",,https://i.redd.it/61qinck37luz.png,1509203440.0,126,0.98,18,CasualUK,Hullian111
79akqq,Gentle reminder that I don‚Äôt live in the best part of town.,,https://i.imgur.com/lPt6PS4.jpg,1509203232.0,1200,0.99,68,CasualUK,WrestlePig
799ahm,Greatest lines in UK TV history,"Post 'em.  Can be fictional or non-fictional.

My favourite, from *The Office*:

&gt;**Gareth**: ""Careful mate, she's got a fiance.

&gt;**Dawn**: ""I haven't.  Not anymore.""

We all know the context.

Runners-up:

&gt;""I've sort of fused Flashdance with MC Hammer shit.""

- Brentmeister, *The Office*.

and 

&gt;""Earlier on today, apparently, a woman rang the BBC and said she heard there was a hurricane on the way... well, if you're watching, don't worry, there isn't!""

- Michael Fish, before the Great Storm of 1987 which killed 19 people and caused extensive damage to SE England, the worst to hit the UK in 300 years.",https://www.reddit.com/r/CasualUK/comments/799ahm/greatest_lines_in_uk_tv_history/,1509183715.0,82,0.96,152,CasualUK,124876720
799548,The Sun has gone mad [x-post from /r/hmmm],,https://i.redd.it/1l5k7imkbjuz.jpg,1509180791.0,188,0.96,10,CasualUK,Anthex
799151,The clocks go back tonight so we get one extra hour in bed before being plunged into darkness for 5 months. Great.,[deleted],https://www.reddit.com/r/CasualUK/comments/799151/the_clocks_go_back_tonight_so_we_get_one_extra/,1509178477.0,180,0.99,55,CasualUK,[deleted]
798ymi,Waiting for the Uber this morning and got a little distracted,,https://i.redd.it/6k5xr04r0juz.jpg,1509177072.0,100,0.93,17,CasualUK,MeganGrace
798svu,The revolution will be monetised,,https://i.imgur.com/rdhuLHd.png,1509174064.0,348,0.99,39,CasualUK,Pulsecode9
798p3h,Fucking had enough!,"American Football (??) featured on BBC sport and fucking Halloween costume invasion on Reddit. 

I'm putting the fucking kettle on and going to read a newspaper. Fuck the internet!",https://www.reddit.com/r/CasualUK/comments/798p3h/fucking_had_enough/,1509172111.0,1246,0.88,482,CasualUK,Flat__Line
797yei,Who needs the JFK files when we've got Red Dwarf: Tikka to Ride,,http://reddwarf.wikia.com/wiki/RD:_Tikka_to_Ride,1509160678.0,61,0.99,2,CasualUK,aslate
795d3f,I'm rich beyond my wildest dreams!,,https://i.imgur.com/3VUhdqm.jpg,1509131647.0,246,0.97,21,CasualUK,losimagic
794idx,"Colour me miffed, Ocado.",[deleted],https://youtu.be/AxB5LsWc86o,1509123705.0,92,0.95,31,CasualUK,[deleted]
794e08,Took a picture of my dog on the walk today.,,https://i.redd.it/wkpvbtciheuz.jpg,1509122190.0,84,0.93,16,CasualUK,wondermite
793rmq,I didn't know Sean Connery was in the gambling business,[deleted],https://i.redd.it/tw7ef6pzzduz.jpg,1509116287.0,239,0.97,22,CasualUK,[deleted]
792aio,Guess who's the coolest person at work today?,,https://i.imgur.com/wD7hNx0.jpg,1509098553.0,76,0.88,24,CasualUK,cubbish
792918,A map of the south east for Polish Solider's with everything written phonetically - Saufend-on-Sji anyone?,,https://i.redd.it/xu6hdf67fcuz.jpg,1509097842.0,376,0.98,96,CasualUK,kezzaNZ
791c5b,Bird poo in the shape of a bird,[deleted],http://imgur.com/5mUfv1Z,1509082858.0,156,0.95,9,CasualUK,[deleted]
78zj2m,Went out and picked some wild Wotsits today. This is what they naturally look like before they get sprayed with artificial colouring to be sold in shops!,,https://i.imgur.com/vQDTEVd.jpg,1509061048.0,88,0.98,23,CasualUK,[deleted]
78y6kd,London Police and their dogs,,https://i.imgur.com/govm6S0.jpg,1509048283.0,274,0.98,53,CasualUK,[deleted]
78y1iv,Parallel parkin,,https://i.redd.it/wor3wkn1a8uz.jpg,1509047045.0,136,0.96,18,CasualUK,[deleted]
78x347,Louis Theroux announces new documentery about Hull,,https://twitter.com/louistheroux/status/923587873617485826,1509038563.0,142,0.99,30,CasualUK,smushkan
78vmiw,Not a pleasant sight after finishing a cup of tea...,,https://i.redd.it/vdhgpmnlh6uz.jpg,1509025352.0,103,0.94,27,CasualUK,eldwickeagle
78v9f5,Highways agency accidentally create a lovely bit of road in London,,https://i.redd.it/ty69gef4h4uz.jpg,1509021499.0,615,0.99,22,CasualUK,HarryGoLocky
78v88r,"I present to you, Pot Noodle towers.",,https://imgur.com/hte4UyB,1509021117.0,207,0.96,68,CasualUK,Raregan
78v7qz,"Scott on Twitter: ""Wondered why Sugar wasn't live-tweeting [The Apprentice] this week. Turns out he is, but is unwittingly replying to an unrelated tweet so no-one is seeing it"" (Stolen from /u/tman612)",,https://i.redd.it/ixbvar9936uz.png,1509020942.0,104,0.95,3,CasualUK,wredditcrew
78v3q2,"Amanda Holden, not the brightest.",,https://streamable.com/6dpnf,1509019637.0,775,0.96,136,CasualUK,Doe_Ray_EGON
78v0cq,A couple kept apart by the woman's strict father have married almost 40 years later - after the man proposed on BBC Radio 4.,,http://www.bbc.co.uk/news/uk-england-leicestershire-41751408,1509018468.0,74,0.93,11,CasualUK,[deleted]
78u955,Looks like we can't recommend glassing anymore.,,https://www.reddit.com/r/modnews/comments/78p7bz/update_on_sitewide_rules_regarding_violent_content/,1509007236.0,62,0.96,73,CasualUK,pharlax
78r4q3,Ashens Halloween Special 2017,,https://www.youtube.com/watch?v=578SZbv0lLo,1508968987.0,67,0.98,2,CasualUK,PM_ME_CAT_TOES
78o1y0,Offerings to the German counterparts of our snack exchange.,,https://i.redd.it/hgfxnxwklztz.jpg,1508942044.0,123,0.98,51,CasualUK,Tafydoolboot
78n9an,What kind of car is this?,,http://imgur.com/rQUeHpr,1508933553.0,139,0.93,40,CasualUK,[deleted]
78n1m8,Integration..,,https://i.imgur.com/GLFyoVX.jpg,1508930756.0,79,0.91,8,CasualUK,[deleted]
78mz2w,Woman is only passenger on holiday jet,,http://www.bbc.co.uk/news/uk-scotland-glasgow-west-41748305,1508929787.0,113,0.97,87,CasualUK,SusanDonimm
78mone,Could you survive a night in your local pub if you had to fight the thing it was named after?,,https://www.reddit.com/r/CasualUK/comments/78mone/could_you_survive_a_night_in_your_local_pub_if/,1508925560.0,105,0.97,314,CasualUK,TeddySD
78mlib,Perfect summary of my morning,,https://i.redd.it/2iw6fa6o4ytz.jpg,1508924146.0,60,0.94,15,CasualUK,DinnoDinner
78miq6,Take a trip down...,,https://i.redd.it/kde0ktgv0ytz.jpg,1508922895.0,2202,0.94,51,CasualUK,pyro3366
78jac7,This is the featured picture for my local Tesco on Google,,https://i.redd.it/z21alby2rutz.jpg,1508883253.0,825,0.99,20,CasualUK,[deleted]
78ja00,It is a bit early love...,,https://i.redd.it/jduytn8uqutz.jpg,1508883171.0,90,0.94,32,CasualUK,[deleted]
78hyto,I will never forgive Mars for taking Galaxy Truffles away,"It's Christmas, that means Celebrations tubs are ¬£5 in Tesco. With this comes the joy of opening the tub and the cyclical yearly disappointment of realising that while Galaxy Caramel and Maltesers are included, Galaxy Truffles were removed years ago. Mars, you barstards. ",https://www.reddit.com/r/CasualUK/comments/78hyto/i_will_never_forgive_mars_for_taking_galaxy/,1508871710.0,63,0.93,31,CasualUK,montylake
78hre9,Thank you Janet from Kent,,https://imgur.com/eJP19AB,1508869960.0,1498,0.96,67,CasualUK,[deleted]
78fwa0,Most valuable one looks the easiest to forge now,,https://imgur.com/Rd1z2n6,1508853480.0,80,0.94,57,CasualUK,mynameisfreddit
78feuc,It's October and The Range have already went all out,,https://i.redd.it/kn2zl9b7vrtz.jpg,1508848334.0,77,0.89,38,CasualUK,[deleted]
78f9rb,Tesco remove fruit bags from meal deals.,[deleted],https://www.reddit.com/r/CasualUK/comments/78f9rb/tesco_remove_fruit_bags_from_meal_deals/,1508846702.0,505,0.95,121,CasualUK,[deleted]
78f589,"I used ""fakeflag.net"" and created a flag including all the flags of the British Isles",,https://imgur.com/Zaz8BdC,1508845112.0,216,0.89,138,CasualUK,HarryGoLocky
78f4ee,Just found out me and the person above me have massive credit on our utility accounts because we pay each others bills and got sweet payday.,"There's a flat above me, proper house conversion. We have separate Gas, Water and electricity meters and accounts, but the national database has this place as one house. 

So we both put money in our meters, which supplies the right house, but we double the money. I put ¬£10 in, she get ¬£10 pound on her account. She puts ¬£10 in I get ¬£10 on my account. We're both on pre-pay meters so the money doesn't actually supply our houses but it's just sitting on our accounts.

Lady upstairs realised what was going on, cashed out gave me half the cash and changed suppliers on everything. Sweet ¬£500 pay day and now I'm only paying my account.

Thank you national database! Funny thing is I've still got the copy of the letter they sent to confirm that when the house was converted they had changed the database but apparentl someone couldn't be bothered. ",https://www.reddit.com/r/CasualUK/comments/78f4ee/just_found_out_me_and_the_person_above_me_have/,1508844793.0,99,0.96,25,CasualUK,[deleted]
78b58w,2/10 could barely taste any cinnamon,,https://i.imgur.com/0UvKXmG.jpg,1508795254.0,1044,0.98,46,CasualUK,Doe_Ray_EGON
78918s,The world is full of incredible people.,"I have just been browsing Facebook when I came across a post from an old climbing mate.  He had a climbing accident a few years go which unfortunately resulted in fairly severe brain damage and moving to Australia.

Anyway, he's always been a charitable fellow so  he's been raising awareness about people with disabilities in Auz, which has ended up with him and some mates being the first people to cycle from the lowest part of Auz to the highest. 2100km in 42 days.  

""Walter Van Praag has 38% lung function (due to Cystic Fibrosis),  Daniel Kojta who is paraplegic and uses a hand-cycle, Paul Pritchard with half a working body (Hemiplegia). Paul will ride a tandem recumbent trike with Duncan Meerding, who is legally blind, thereby being his eyes. Conrad will be battling nerve pain from a damaged spine.""  

Bloody incredible effort. Made me feel quite humble really.

Have a read of the blog - [lowest 2 highest](http://www.lowest2highest.com.au/2017/08/the-first-rendezvous.html)
",https://www.reddit.com/r/CasualUK/comments/78918s/the_world_is_full_of_incredible_people/,1508777298.0,65,0.92,14,CasualUK,dwair
788riq,The look of fear as the contestant asks for a vowel...,,https://i.imgur.com/DtWDFBH.jpg,1508775018.0,958,0.98,52,CasualUK,[deleted]
788lmw,I can't help thinking we'd all be happier and more content if we took lifestyle tips from Princess Margaret,[deleted],https://i.imgur.com/tlDIpZL.jpg,1508773641.0,309,0.97,97,CasualUK,[deleted]
788gv4,When in Scotland,,https://i.redd.it/oezjgo1qlltz.jpg,1508772488.0,101,0.97,24,CasualUK,alexreltonb
7883zc,Bored out of my mind at a pet shop with the family. Was not expecting this kind of offer.,,https://i.redd.it/g53uy5i9cltz.jpg,1508769308.0,144,0.97,19,CasualUK,[deleted]
787ujh,When your Twirl wants to be a Flake.,,https://i.redd.it/u1x4h1lq4ltz.jpg,1508766779.0,78,0.93,10,CasualUK,[deleted]
787ohr,¬£50 is small according to BT,,https://i.redd.it/2li9zfrdzktz.png,1508765003.0,183,0.97,96,CasualUK,koona_rangu_pillai
7875m6,The volunteer shop at the hospital gave me this in my change. I don‚Äôt have the heart to take it back.,,https://i.redd.it/tod7pm0shktz.jpg,1508759058.0,70,0.94,32,CasualUK,xadz
7870es,Fuck Grandpa Joe.,"We all read Willy Wonka and the Chocolate Factory as a kid, it's a Roald Dahl masterpiece that captures the joys of your inner child, an entire world of sweets just ripe for the picking with the accompanying life lesson ""good things come to those who aren't a dickhead"". 
 
However, fuck Grandpa Joe. Lazy bellend sits in bed all day for 20 odd years leeching off the Bucket family and downing his pea soup with reckless abandon. That is, until, little Charlie gets some glory and finds himself a golden ticket. Who will he take? Maybe his poor dad who spends his days screwing caps on toothpaste tubes to provide his family with any food he can? Maybe he'll take his mum, the charmingly lovely lady who waits on the four seemingly incapacitated fossils in the bed they all share together (weird and disgusting). 
 
No no, let's not take one of the hard working parents because suddenly Grandpa Joe has donned a coat and a cane and is doing some boisterous jig around the house, wanting to go to the chocolate factory like a puppy with its lead in its mouth waiting for walkies. Sorry mate, but you're a dickhead. Happily sit around in your nightie for 20 years until there's something fun to do and then you'll go and steal your grandsons thunder. Fuck Grandpa Joe. /r/GrandpaJoeHate  ",https://www.reddit.com/r/CasualUK/comments/7870es/fuck_grandpa_joe/,1508757120.0,65,0.82,46,CasualUK,[deleted]
786z61,Anyone remember when you used to go on holiday and get those huge strips of Looney Toons sweets?,,http://i.imgur.com/2ukpz8M.jpg,1508756638.0,102,0.93,16,CasualUK,[deleted]
786u1u,Much has changed in Widnes over the past few years ... Some things have stayed the same.,,https://imgur.com/a/LAuFA,1508754605.0,123,0.98,28,CasualUK,retniap
786pd9,Dog's head stuck in wall in Cambridge,[slow news day?](http://www.bbc.co.uk/news/uk-england-cambridgeshire-41720704),https://www.reddit.com/r/CasualUK/comments/786pd9/dogs_head_stuck_in_wall_in_cambridge/,1508752676.0,60,0.97,12,CasualUK,depnameless
7866um,Coworker just applied some Lynx Black in the office,The office suddenly smelled like 1000 teenage boys hit puberty at the same time.,https://www.reddit.com/r/CasualUK/comments/7866um/coworker_just_applied_some_lynx_black_in_the/,1508744200.0,91,0.95,97,CasualUK,vbloke
7865q6,"Cracking deal in Londis, get it while you can.",,https://i.redd.it/nxyytzcz7jtz.jpg,1508743669.0,1451,0.93,99,CasualUK,[deleted]
782w36,TIL Barry from Eastenders was killed off because he wanted to do a panto,[deleted],http://news.bbc.co.uk/1/hi/entertainment/2838519.stm,1508705589.0,61,0.95,14,CasualUK,[deleted]
782r3s,Why is Sharon looking like a Dolmio' s advert,,https://i.redd.it/3oebhrwxyftz.jpg,1508704301.0,111,0.96,14,CasualUK,randyracoon
78215y,[√ópost /r/panelshow] Mad props to the Mock The Week subtitles writer who had to caption Dara &amp; Romesh's impressions of being under dental anaesthetic.,,https://i.redd.it/mqrf2dcxqetz.jpg,1508697522.0,226,0.98,7,CasualUK,soullessroentgenium
780to2,Storm has struck. Preparing to evacuate now.,,https://i.redd.it/f1tqj7etgetz.jpg,1508686091.0,102,0.92,4,CasualUK,foxjolras
780kks,"The best dunkers my partner and I ever tried. Excellent structural integrity, lovely oaty chocolately bite. Perfect tea biscuit.",,https://i.redd.it/07yh8umw8etz.jpg,1508683433.0,342,0.96,44,CasualUK,happystamps
77zfe8,Husband made the perfect fry-up for when I was hanging out of my arse hungover. Marks out of ten?,,https://imgur.com/gallery/g1SNx,1508666816.0,1149,0.89,188,CasualUK,ahrimaniac
77z6vg,"Middle son passed his test, buying him a 1.4L Astra, 2003. Just LOOK at these silly prices for insurance ! Found one for ¬£2300, though that's still silly money.",,https://i.redd.it/6y7m7v4nhctz.png,1508662274.0,67,0.9,177,CasualUK,[deleted]
77vnjy,Being savage on Amazon is the new Anarchy in th UK,,https://i.imgur.com/tUcbYkD.jpg,1508616186.0,204,0.98,11,CasualUK,[deleted]
77uwhx,I'm just going off for a quick ... drive,,https://i.imgur.com/g3SlA2r.jpg,1508608650.0,62,0.96,11,CasualUK,UncleArthur
77unwy,This country is in ruin..,,https://i.redd.it/9rv64lfsv7tz.jpg,1508606381.0,141,0.97,23,CasualUK,Azza-T
77trx6,For when you want a serial killer themed children's party.,,https://i.redd.it/0hn1ee5l47tz.png,1508597325.0,83,0.94,8,CasualUK,thelynched
77tm4l,Storm Brian batters the UK,,https://media.giphy.com/media/3ohhwtMupToaJGj648/giphy.gif,1508595571.0,394,0.98,35,CasualUK,OgMo39
77tl6t,So my train was held up for 20 mins because of this bastard...,,https://imgur.com/a/ZONlX,1508595288.0,120,0.98,36,CasualUK,Mr_Skeptical
77t3n3,My son got this in a cbeebies magazine... Not the best design choice. I guess the skeleton is happy.,[deleted],https://i.redd.it/mnv9veimg6tz.jpg,1508589176.0,77,0.98,17,CasualUK,[deleted]
77skk4,I think I'm going to give this flavour crisp a miss.,,https://imgur.com/Eoc2Afj,1508580268.0,494,0.97,18,CasualUK,Sir_Newty_Newt
77ska0,First paragraph of Rik Mayall's autobiography,,http://imgur.com/dbTmscN,1508580132.0,6134,0.93,143,CasualUK,classicintercourse
77pqtu,Following a recent vein...,,http://i.imgur.com/T3Sd642.jpg,1508540074.0,293,0.94,13,CasualUK,[deleted]
77pchp,The pub man tried to refuse my old ¬£1,[deleted],https://www.reddit.com/r/CasualUK/comments/77pchp/the_pub_man_tried_to_refuse_my_old_1/,1508536117.0,72,0.97,21,CasualUK,[deleted]
77oexi,Interesting name I just spotted on Just Eat,,https://imgur.com/r4YgYAz,1508527521.0,119,0.96,20,CasualUK,hehe_OK
77oeb1,Friday Night Selfie Thread. Post your genuine selfies.,,https://i.imgur.com/I7xVTtc.jpg,1508527372.0,56,0.91,55,CasualUK,HPB
77obq7,What did they expect...,,https://i.redd.it/58tt4x4ya1tz.jpg,1508526729.0,594,0.98,29,CasualUK,JowgliSun
77o7xb,Asda need to sort out their damn prices!,,https://imgur.com/yfwLkJk,1508525782.0,92,0.97,8,CasualUK,ImSimplyMatt
77nt8v,Dildo and vibrator heist from erotic trade show said to be 'largest theft of sex toys in history',,http://www.ibtimes.co.uk/dildo-vibrator-heist-erotic-trade-show-said-be-largest-theft-sex-toys-history-1643999,1508522184.0,72,0.97,24,CasualUK,NEWSBOT3
77nauq,What is it with Curry's and McAfee?,"""I'll throw in McAfee Antivirus for ¬£40.""


""No, thanks. I neither want or need it.""


""I'll throw in McAfee Antivirus for ¬£10.""


""No, really, I neither want or need it.""


""Okay, I like you. I'll give it you for free.""


""Please don't. I neither want or need it.""


He put it in my bag anyway.",https://www.reddit.com/r/CasualUK/comments/77nauq/what_is_it_with_currys_and_mcafee/,1508517636.0,122,0.98,68,CasualUK,BenBo92
77n3gp,Come on now...,,https://imgur.com/lY3MVDO,1508515761.0,144,0.99,9,CasualUK,JohnsonundJohnson
77mdec,Nigella Lawson in 1983,[deleted],https://i.imgur.com/0sBPVUD.jpg,1508509182.0,290,0.94,91,CasualUK,[deleted]
77m8m4,"Have modified my work E-mail legal disclaimer / signature to include ""free pint for the first person who notices this"".","How long do you think it will take?

Side note: How boringly is your day going?",https://www.reddit.com/r/CasualUK/comments/77m8m4/have_modified_my_work_email_legal_disclaimer/,1508507907.0,93,0.97,39,CasualUK,TheAnimus
77m3fl,The song Common People does not apply today. No one from Greece has a 'Dad who's loaded'.,"Shame. Used to love that song, would not be able to live with myself singing an economically incorrect song.",https://www.reddit.com/r/CasualUK/comments/77m3fl/the_song_common_people_does_not_apply_today_no/,1508506377.0,75,0.91,24,CasualUK,[deleted]
77m0ig,These real fishes in a miniature model village look scary.,,https://i.redd.it/w9q17j7vjzsz.jpg,1508505514.0,273,0.97,14,CasualUK,[deleted]
77l5ps,But I need to go!,,https://imgur.com/iOixZba,1508494057.0,216,0.98,14,CasualUK,GavChap
77kybg,NHS staff are all some badass mothertruckers üëèüèª,[deleted],https://www.reddit.com/r/CasualUK/comments/77kybg/nhs_staff_are_all_some_badass_mothertruckers/,1508490602.0,452,0.97,89,CasualUK,[deleted]
77kxg5,Define UK upper middle class,"This came from a big 'ask reddit' thread but there were no answers from UK and no one seems to have a fucking clue what a 'gilet' or 'brogue' is (the brass of our former colonies eh!). The following is the definition I gave of upper middle class in my area. What about you?

Here in UK.

Detached rural or semi-rural Georgian house with 5 acres of pony land, small slightly tatty menage and a set of garages (not linked to the property). Garages contain a ride on mower, small quadbike and various Sthil petrol powered stuff for your holding. 3-year-old Audi estate for her, usually S line but still diesel and whatever fancypants german repmobile for him, a new Ifor Williams horsebox tucked away somewhere too. 2 kids both attending the local grammar school or, failing that, a not too far away non nationally renowned boarding school. The Little girl will be head to toe riding gear, mainly branded joules and hunter and boy will be in 'posh' catalogue order stuff for kids from places like jack wills, fat face and the odd bit of shooting/countryside stuff his mum picked him up at the county/local agri or pony show. Dad wears a pair of brogues most of the time with chinos, chequer shirt and Scholl gilet but at weekends/pony events will slip on a pair of Chameau wellies and a top end barbour jacket to look the part. Mum is usually in a pair of immaculate uggs, tight-fitting denim jeans and some kind of nice jumper with a joules or barbour gilet over the top. He likes playing golf and also is into road cycling (NOT MTB), she spends most of her time organising fundraising events and galas hiring out barns, organising balls and doing hospitality type/corporate days at the races and doing some kind of funrun training between yoga classes that her PT recommended.

They won't own a boat but will have access to one if needs be. Skiing is feb half term and 2 weeks in the south of france is the summer staple. City breaks happen through the year whilst the grandparents come over to look after the kids and Labradors. Every summer they will also get the key to a holiday home somewhere in the UK from a friend, no charge. If the kids are teenage chances are they will take a friend on holiday with them or they will go away with another friends parents, again no money for this will change hands.
Most of their friends will own or be high up in companies with 20 to 50 employees doing things like shipping, agricultural sales, estate agency, commercial supply in something dull etc. Their more distant friends will be doctors, solicitors or architects - all handy to know and they always get an invite to various marquee events you host through the year at your home.

Waitrose delivery yes, Sainsburys at a push but definitely nothing lower than tesco and only then if prosecco is on offer near christmas.
There will be plenty I have missed",https://www.reddit.com/r/CasualUK/comments/77kxg5/define_uk_upper_middle_class/,1508490219.0,72,0.95,138,CasualUK,Sir_Monty_Jeavons
77kiqg,Thoughts are with the people of Yoxford,,https://imgur.com/trwrSLQ,1508483162.0,392,0.99,54,CasualUK,[deleted]
77jrw2,*This* Van,,https://i.imgur.com/8zDxWwG.jpg,1508472451.0,2152,0.96,55,CasualUK,DEADB33F
77ie05,a choice was made,,https://i.redd.it/j43zop2sjvsz.jpg,1508457056.0,128,0.98,3,CasualUK,prisonerofazkabants
77hgix,This should be on billboards everywhere not in the middle of nowhere.,,https://i.redd.it/c9d435u7susz.jpg,1508447933.0,327,0.99,23,CasualUK,Doublebow
77gq2o,Anyone else's local chavs started setting off fireworks?,"I look forward to them stopping some time in April.

**EDIT:** FUCK ME IT'S DIWALI I AM SUCH A CUNT.",https://www.reddit.com/r/CasualUK/comments/77gq2o/anyone_elses_local_chavs_started_setting_off/,1508440592.0,318,0.96,62,CasualUK,ModerateDanger
77fzg3,Today on Countdown...,,https://i.imgur.com/hhMUsfu.jpg,1508434337.0,620,0.99,37,CasualUK,Doe_Ray_EGON
77f2hx,Coughing,,https://i.redd.it/0433lhmo0tsz.jpg,1508426425.0,259,0.99,36,CasualUK,DanChed
77ewxn,This van,,https://i.redd.it/gftzixelwssz.jpg,1508425047.0,199,0.97,21,CasualUK,anonymousmadlad
77eoxs,Spotted in a Bedford cemetery today. A lovely and I'm sure a fitting nickname to put on a headstone..,,https://imgur.com/Gv21cy4,1508422964.0,80,0.96,24,CasualUK,redvers
77e8ce,Has the Andrex puppy always looked a bit angry or is it just my one?,,https://i.redd.it/l0wqk762cssz.jpg,1508418248.0,87,0.98,25,CasualUK,[deleted]
77e5cx,Cadbury's have got the best Halloween chocolate this year,,https://i.redd.it/uafh618f3ssz.jpg,1508417321.0,177,0.95,16,CasualUK,CoffeePoweredRobot
77e3qf,The utter shite you see on LinkedIn... Awareness,,https://imgur.com/GYVt5bC,1508416789.0,233,0.98,67,CasualUK,[deleted]
77e28j,"Confirmed, we're better than France",[deleted],https://i.redd.it/nd7fjhh7bqsz.jpg,1508416278.0,145,0.99,59,CasualUK,[deleted]
77e0y3,Harsh.,,https://i.redd.it/cw1ij9w65ssz.jpg,1508415828.0,404,1.0,38,CasualUK,DinomanVI
77dw9i,Can we start a new sub?,"To make fun of people on LinkedIn, it's absolutely hilarious how into themselves people are on here. 

Might start a series of some of the utterly *sniff your own fart* posts that I see on there.",https://www.reddit.com/r/CasualUK/comments/77dw9i/can_we_start_a_new_sub/,1508414189.0,62,0.94,85,CasualUK,[deleted]
77ddjs,Well that's buggered up all my plans.,,https://i.imgur.com/H6Hgqbw.jpg,1508406110.0,2100,0.96,89,CasualUK,UncleArthur
77dc8k,Just Leeds things,,https://i.redd.it/37ovebt7arsz.jpg,1508405412.0,84,0.96,6,CasualUK,moose3million
77d1oa,"Blood testing company hires man with UK's smallest penis to front campaign saying ""there's nothing wrong with a little prick""",,http://www.mirror.co.uk/news/weird-news/blood-testing-company-hires-man-11368206,1508400318.0,142,0.95,41,CasualUK,[deleted]
77cvxp,The CasualUK UK Castle Appreciation Thread.,"I love castles me. I'm sure you're the same.

So here's a chance for you to post a picture of your favourite castle so everyone else can go ooh and aah.

Here's mine : [Bamburgh Castle.](https://imgur.com/1Gelmuf) Love the cheeky flag to piss off the Jocks up the road :)

Note : UK castles only, none of those poncey German ones, fallen down Spanish ones, or plastic ones in the USA.",https://www.reddit.com/r/CasualUK/comments/77cvxp/the_casualuk_uk_castle_appreciation_thread/,1508397510.0,90,0.99,121,CasualUK,HPB
778wpw,My girlfriend's use of the English language,"My girlfriend is originally from Sweden, and in the two years we've been together I've been collecting some of the more humorous ways she's used the English language to convey or describe something. The best include:  
- Flower Sperm (Pollen)  
- Pre's (As in 'Pre-Drinks', used to describe foreplay)  
- Killer Whale Cows (Friesian cows)  
- Tree Floor (Wooden floor)  
- Hungrygarians (Hungarians)  
- Rootbeet (Beetroot)  
- Harold's (Harvester)  
- Human Mascapede + Human Extapede (Human Centipede)  
- Money horny (someone who wants loads of money)  
- Eye Poo (sleep)  
- Mouth Pooing (talking a lot)  
  
UPDATE: She just said ""see you the day before tomorrow!""
",https://www.reddit.com/r/CasualUK/comments/778wpw/my_girlfriends_use_of_the_english_language/,1508354251.0,228,0.99,100,CasualUK,MellotronSymphony
778inf,Terribly sorry!,[deleted],https://i.redd.it/jm32wlx5smsz.jpg,1508350913.0,400,0.98,8,CasualUK,[deleted]
777fxb,"2 photos i took, one during Storm Ophelia and the other today. Neither has a filter.",,http://imgur.com/CzqZaNT,1508341781.0,335,0.97,13,CasualUK,B23vital
776s0k,Drug users 'getting Winstoned' by new ¬£5 note as they complain of cut noses when snorting cocaine,,http://www.independent.co.uk/news/business/news/new-5-pound-note-getting-winstoned-drug-users-cut-noses-snorting-cocaine-a7730161.html,1508335789.0,98,0.94,19,CasualUK,[deleted]
776gvq,"Fan travels 6,000 miles from China to visit Runcorn FC - because he fell in love with them on Football Manager",,http://www.independent.co.uk/sport/football/news-and-comment/fan-travels-runcorn-fc-championship-manager-01-02-china-a8006426.html,1508332705.0,105,0.96,35,CasualUK,germanbeer
775fyl,Here's 3 photos I took from the Suffolk coast during sunrise to brighten up your day.,,https://imgur.com/a/w4R6H,1508318472.0,75,0.96,23,CasualUK,Dr-Werner-Klopek
775d0h,Polish Shop Tips,"Edit: [Part 2 here](https://www.reddit.com/r/CasualUK/comments/77698s/polish_shop_tips_part_2/)

Since they're bloody everywhere now and I'm dragged into one at least once a week as my wife is Polish, here's the lowdown on what is worth stopping in for:

[Pierogi](http://www.leclerc.rzeszow.pl/foto_shop/137/brand_3074_1.jpg)

These are dumplings, like large ravioli - stick them in simmering water for a few minutes and then throw butter at them. The cheese and potato ones will be devoured by kids especially if you put chopped bacon on top. Meat and cabbage/mushroom aren't half bad either. If you like 'em crispy, just shallow fry for a few mins.

[Krokiety](https://www.papu24.pl/environment/cache/images/0_0_productGfx_cc63624f971072921a793c21549e2d5a.jpg)

Findus Crispy Pancakes on steroids. Cheap as hell and fine munchies. Shallow fry for a few mins. Generally the same fillings as the pierogi.

[Smoked fish](http://www.seamor.com.pl/wp-content/themes/seamor/banery/baner3.jpg)

Cheap and quite healthy - good for salads and breakfast. Often loose in boxes - just bag it up and take it to the till. 

[Meat counter](http://www.cardiffdirectory.wales/wp-content/uploads/formidable/12744294_981047661964083_2745640287325965207_n-1.jpg)

The main reason for going in a polski sklep - The meat is often much cheaper than the supermarkets and much better quality. 90% of what you see is pork and there are no hidden surprises in there - anything else will be chicken. Highlights are the smoked hams, smoked chicken legs and the awesome black pudding (kaszanka - pron. ,kash'anka). If you are having a BBQ, a polish shop meat counter should be your first port of call for grilling sausages.

[Nut Vodka](http://webtrunki.pl/pics/trunki_photo/7/trunek_7435_org.jpg)

Ever got pissed on liquid KitKats? now's your chance - this stuff is incredible - as with any vodka that's going to be drunk neat, stick in the freezer first.

[Pickled Cucumbers](https://img.e-piotripawel.pl/photos/h5d/5903386022374.jpg)

The Poles have got this one sewn up - nobody does gherkins better.  2 types here - the familiar vinegar pickles (ogorki korniszony) and the brined pickles (ogorki kiszone) which ferment and leave the middle of the gherkin fizzy - weird and wonderful.

If you can get past the occasional lack of customer service skills these places are a goldmine for cheap and tasty food. Some of the beer is pretty good too, especially the unpasteurised beers.",https://www.reddit.com/r/CasualUK/comments/775d0h/polish_shop_tips/,1508317169.0,580,0.98,180,CasualUK,kopsy
775a87,"What's one aspect of British culture you like, one you dislike and one you find unique?",[deleted],https://www.reddit.com/r/CasualUK/comments/775a87/whats_one_aspect_of_british_culture_you_like_one/,1508315795.0,80,0.99,191,CasualUK,[deleted]
774tyq,I want to recreate British biscuits and I'm searching for recipes,"Hopefully this topic is ok on CasualUK.

Basically, I love British biscuits, but in Japan I can't buy any of them.  

I have spent the past few months crafting the perfect ginger nut, it took around 10 attempts.  I am searching for recipes for other popular biscuits.  High on my list are digestives, rich teas and bourbons.

Please furnish me with your favourite recipes!",https://www.reddit.com/r/CasualUK/comments/774tyq/i_want_to_recreate_british_biscuits_and_im/,1508308349.0,60,0.95,46,CasualUK,helpfuljap
771rja,"Apparently baby pigeons do exist, except none of us have ever seen one",,https://imgur.com/j95tgY4,1508275319.0,181,0.96,38,CasualUK,Andrewmartn
770awq,Brilliant.,,https://i.redd.it/e6d4jmgfifsz.jpg,1508262892.0,652,0.99,55,CasualUK,Foggy1999
76zs9m,Most useful comment I've ever seen on who-called.co.uk,,https://i.redd.it/sumhu78b5fsz.jpg,1508258480.0,175,0.97,24,CasualUK,wickro
76zg9b,"You've seen the triple decker custard creme, now behold the majestic triple decker bourbon.",[deleted],https://i.redd.it/imsiektvwesz.jpg,1508255654.0,295,0.97,44,CasualUK,[deleted]
76z8a6,That moment you realise the lid of the protein shake bottle wasn't clicked down. FML.,,https://i.redd.it/d3muf2w3resz.jpg,1508253737.0,99,0.95,30,CasualUK,kopsy
76yp8r,Spotted on top of a bus stop in Bristol.,,https://imgur.com/a/nOa5X,1508248676.0,91,0.97,6,CasualUK,TakeThatPatriarchy
76ya3l,Dogs of CasualUK,"My girlfriend and I are absolutely desperate for a dog. It'll happen very soon. But until then, let's see your dogs.",https://www.reddit.com/r/CasualUK/comments/76ya3l/dogs_of_casualuk/,1508244235.0,73,0.93,159,CasualUK,Toffee_Wheels
76xvez,"No Spotify, you are very wrong.",,https://i.redd.it/3q5j0nxtjdsz.png,1508239149.0,215,0.93,58,CasualUK,Thefuzzy_monster
76xow8,Not the best way to educate children...,,https://i.redd.it/3zoqld99cdsz.jpg,1508236602.0,134,0.96,67,CasualUK,skysaidit
76xg5h,Got a driving theory test in about half an hour wish me luck guys,,https://www.reddit.com/r/CasualUK/comments/76xg5h/got_a_driving_theory_test_in_about_half_an_hour/,1508232875.0,52,0.91,50,CasualUK,Mccobsta
76wmrw,Bit of a cock up on the news this morning.,,https://i.imgur.com/Ackc6Rh.jpg,1508220079.0,414,0.97,26,CasualUK,ufokenwotm8
76vb48,Hedgehog üòÄ,,https://i.redd.it/upl39gz7oasz.jpg,1508204307.0,62,0.95,29,CasualUK,gavingiant
76txtq,Found a glorious triple decker custard creme.,,https://imgur.com/SnXDwdt,1508190803.0,105,0.98,13,CasualUK,deefadawg
76tbon,I put black pudding in my bolognese.,"And the end result is so unbelievably meaty-tasting and savoury that its how I'll make it from on.  Absolutely incredible!  

(I shan't tell people the secret ingredient if I cook for them, though.  Black pudding is the marmite of sausages, after all.)",https://www.reddit.com/r/CasualUK/comments/76tbon/i_put_black_pudding_in_my_bolognese/,1508185398.0,71,0.96,93,CasualUK,[deleted]
76syw7,The classiest pub in Sunderland,,https://imgur.com/2QAuOIo,1508182438.0,91,1.0,23,CasualUK,MattyFTM
76svm6,I mean he's an angry fella at the best of times...,,https://imgur.com/FbcA2Nn,1508181632.0,225,0.98,22,CasualUK,Autisticunt
76sirp,"[Stolen from Twitter] ""Morrissey now looks like Bobby Davro doing Morrissey on Stars In Their Eyes""",,https://i.redd.it/2ne141fni8sz.jpg,1508178635.0,124,0.96,29,CasualUK,[deleted]
76sin8,*gulp*,,https://i.redd.it/qfdd62wsj8sz.jpg,1508178604.0,402,0.98,15,CasualUK,MuttonHeadedMugwump
76scj3,So Amazon got my order so wrong today I assumed that someone was taking the piss...,,https://i.redd.it/8jzu6f02e8sz.png,1508177201.0,77,0.98,40,CasualUK,manboat
76qxlk,Where do gap year kids go to find themselves?,,http://imgur.com/JTlxdzy,1508165154.0,104,0.95,12,CasualUK,Anathemachiavellian
76qpzy,Couldn't pass up this 20¬∞C opportunity to enjoy Lancashire's finest ice cream.,,https://i.redd.it/brtygrcg97sz.jpg,1508163118.0,102,0.96,43,CasualUK,gsurfer04
76pua0,RIP Sean Hughes 1965-2017,"""I have accepted that I‚Äôm at an age where little things will start to go wrong. This is just a natural part of the aging process, and, on the positive side, I only have to wait another two years before I can apply for life insurance and get that free pen from Michael Parkinson."" https://www.irishtimes.com/life-and-style/sean-hughes-why-am-i-in-the-garden-with-a-kettle-in-my-hand-1.1880771",https://www.reddit.com/r/CasualUK/comments/76pua0/rip_sean_hughes_19652017/,1508153226.0,69,0.94,23,CasualUK,PickleFlaps
76pq7j,Tesco Express is feeling the Monday morning too,,https://imgur.com/tK9WdA8,1508151772.0,91,0.96,8,CasualUK,[deleted]
76pk0x,Lads why is the sun red?,"The Geese are acting up, the suns red and a hurricane just twatted the Irish. 

Someone reassure me the world isn't ending.",https://www.reddit.com/r/CasualUK/comments/76pk0x/lads_why_is_the_sun_red/,1508149208.0,168,0.96,68,CasualUK,Jefftommens
76pcc5,What's the stupidest time or way you've ever had to prove your ID?,"In honour of the fact that my bank has told me the only document they will accept to prove my identity is a non-British passport (which is a bit of a problem considering I am in fact British).

I think this possibly beats the time my 30-year old colleague was asked for ID to buy a pair of scissors.",https://www.reddit.com/r/CasualUK/comments/76pcc5/whats_the_stupidest_time_or_way_youve_ever_had_to/,1508145841.0,74,0.98,205,CasualUK,[deleted]
76p49d,Help is on the way Ireland,,https://i.imgur.com/gCbGt9x.jpg,1508142163.0,11148,0.94,286,CasualUK,[deleted]
76oqry,"All schools, unis, colleges closed, most bus services cancelled, most major retailers all closed, across the island of Ireland due to storm Ophelia. My office 100% open.",[deleted],https://www.reddit.com/r/CasualUK/comments/76oqry/all_schools_unis_colleges_closed_most_bus/,1508136156.0,246,0.98,41,CasualUK,[deleted]
76lb8e,"From 1972-1977, Yorkshire Television showed a series of programmes based on pub games like darts, skittles, and bar billiards, presented by Yorkshire cricketing legend Fred Trueman - feast your eyes on the gloriousness that is *The Indoor League*",,https://www.youtube.com/watch?v=GOlEYNlSZ44,1508097845.0,78,0.98,11,CasualUK,124876720
76j9fe,Camden knows what‚Äôs up,,https://i.redd.it/h3dq7wyx80sz.jpg,1508078098.0,118,0.96,8,CasualUK,jrp1992
76j55o,Found this out in the park.,[deleted],https://i.redd.it/pkttbwcu40sz.jpg,1508076721.0,67,0.96,18,CasualUK,[deleted]
76j4fx,I want to know what caused this....,,https://imgur.com/yFS8yEQ,1508076492.0,96,0.95,24,CasualUK,tomw86
76id5r,Always prepared for a game of the floor is lava,,https://i.redd.it/avgf0ayt6zrz.jpg,1508065281.0,163,0.99,16,CasualUK,03ruben
76ho38,Horror as recycling bin is blown over by Storm Aileen,,http://metro.co.uk/2017/09/13/bin-blown-over-by-storm-aileen-in-birmingham-6923797/,1508052417.0,67,0.99,19,CasualUK,MuttonHeadedMugwump
76hl9p,When did our wildlife become weaponised?,[deleted],https://i.redd.it/h2daxbrm0yrz.jpg,1508051089.0,2432,0.94,278,CasualUK,[deleted]
76esfu,"If we're doing homemade meal pics, here's a Toad in the Hole I whipped up last week!",,https://i.redd.it/0oum04de2vrz.jpg,1508015413.0,124,0.93,26,CasualUK,MellotronSymphony
76dvwh,I think the Co Op are waiting for Jesus to turn up for his shift,,https://i.redd.it/ld2pqsc50urz.jpg,1508006214.0,249,0.97,25,CasualUK,idlewildgirl
76dupy,How many of you shout mint sauce to sheep when you go past?,,https://www.reddit.com/r/CasualUK/comments/76dupy/how_many_of_you_shout_mint_sauce_to_sheep_when/,1508005883.0,92,0.84,61,CasualUK,gavingiant
76dqe6,Cottage pie,[deleted],https://i.imgur.com/Ebqc3Qb.jpg,1508004702.0,174,0.91,76,CasualUK,[deleted]
76digr,How dare they!,,https://i.imgur.com/8XC3NN8.jpg,1508002503.0,89,1.0,12,CasualUK,Otters4455
76dfx4,When you're out for brunch in Shoreditch and ask for beans on the side (xpost r/shittyfoodporn/,,https://i.redd.it/cippfc34yrrz.png,1508001792.0,99,0.96,27,CasualUK,itskieran
76d3bq,Just a pair of tits in their native environment,[deleted],https://imgur.com/mGbOuOg,1507998377.0,343,0.96,73,CasualUK,[deleted]
76by2x,Only in Bristol,[deleted],https://i.redd.it/ci2hhvd6msrz.jpg,1507985695.0,74,0.92,13,CasualUK,[deleted]
76bl8s,Modified Volvo.,,https://imgur.com/YB9YH03,1507980478.0,136,0.95,22,CasualUK,HPB
76bblo,Tried this today and concluded tea with milk should be served hot,[deleted],https://i.imgur.com/YayPYr6.jpg,1507976029.0,54,0.92,21,CasualUK,[deleted]
76b2o8,"From the makers of Hell‚Ñ¢, we present Heaven‚Ñ¢¬Æ¬©",[deleted],https://i.redd.it/897qgy75grrz.jpg,1507971566.0,1231,0.91,59,CasualUK,[deleted]
76ab99,I wish every retail colleague a firm good luck for this weekend.,"With the aptly named *round pound* becoming illegal tender tomorrow, today will be full of people paying with change, and tomorrow will be full of having to decline people's money and being blamed for the changes.

To those of you that still have some left, you can still change them at the bank. Don't cause a fuss on Sunday, I can't be bothered ;).

To others, happy weekend!",https://www.reddit.com/r/CasualUK/comments/76ab99/i_wish_every_retail_colleague_a_firm_good_luck/,1507958505.0,115,0.99,61,CasualUK,drakansteal3
767yn2,It's been painted!,,https://i.redd.it/0aoxxb0p2orz.jpg,1507930717.0,72,0.93,20,CasualUK,SlimpyJones
7668ya,"""Ah, no 'United Kingdom'. We must be under Great Br--""",,https://i.redd.it/4ic4833prmrz.png,1507914954.0,171,0.99,21,CasualUK,redhedd
7667fg,I just got these candles discounted in ASDA,,https://i.imgur.com/dEvrefg.jpg,1507914591.0,534,0.98,39,CasualUK,Monsis101
7656x1,Contender for Brit of the year,[deleted],https://i.redd.it/7kmn8sglzlrz.jpg,1507905458.0,277,0.98,40,CasualUK,[deleted]
764ss4,Matt Berry to make 1880s police sitcom,[deleted],https://www.comedy.co.uk/tv/news/2810/matt_berry_1880s_police_sitcom/,1507901602.0,58,0.98,19,CasualUK,[deleted]
764gbx,"Thinking of adding a box of teabags to my boiler, as I seemingly drink so much of it. I shall call it... PG Taps.",[deleted],https://www.reddit.com/r/CasualUK/comments/764gbx/thinking_of_adding_a_box_of_teabags_to_my_boiler/,1507897867.0,90,0.96,12,CasualUK,[deleted]
763prv,Leaving do at work. No one else saw the problem...,,https://i.redd.it/pf18ds2eikrz.jpg,1507887565.0,217,0.97,79,CasualUK,IchBinDragonSurfer
75zcbu,Walking around Sainsbury's when suddenly,,https://i.redd.it/33x7h1q3agrz.jpg,1507836354.0,57,0.86,14,CasualUK,jl45
75wvlr,Who is responsible for this,,https://i.redd.it/t843sdj5ferz.jpg,1507813845.0,70,0.94,50,CasualUK,DeatH_D
75wtky,"My town, summed up in a single tweet",,https://i.imgur.com/YEOUhpK.png,1507813261.0,225,0.98,24,CasualUK,Glurt
75w9n1,Who is your favourite Celebrity Chef and why is it Ainsley Harriott?,,https://www.reddit.com/r/CasualUK/comments/75w9n1/who_is_your_favourite_celebrity_chef_and_why_is/,1507806384.0,74,0.93,118,CasualUK,Warp__
75vzfm,What to/not to put into a Dyson Airblade,,http://i.imgur.com/4tNPLQo.jpg,1507802198.0,200,0.97,45,CasualUK,Autisticunt
75vl52,My thoughts when i'm late home from the pub n wifes waiting at the bottom of the stairs,,https://i.redd.it/vy1ncexjxcrz.jpg,1507795810.0,76,0.94,13,CasualUK,IchBinDragonSurfer
75r6qs,Received this notification in the post today at my new place. I guess the last lot didn't end so well.,[deleted],http://imgur.com/T7w2Qf9,1507747699.0,56,0.97,4,CasualUK,[deleted]
75pd3s,The Ferret invasion has begun. TFL has been taken over.,,https://i.redd.it/o6ltfmxnm7rz.png,1507731639.0,62,0.98,14,CasualUK,NEWSBOT3
75oemu,Woman who left bad review of ¬£19-a-night hotel on the internet told to go on diet by owner,[deleted],http://www.manchestereveningnews.co.uk/news/greater-manchester-news/nelcon-hotel-blackpool-review-emily-13741404,1507720953.0,88,0.97,122,CasualUK,[deleted]
75o971,Anyone else notice that Pru Leith was wearing a ball gag as a necklace on Bake Off yesterday?,,https://i.redd.it/1vv7gde7k6rz.png,1507718810.0,218,0.98,11,CasualUK,live_wire_
75o1wm,"Today was a momentous day, I bought a Gregg's pasty and it was immediately the perfect temperature to eat with no mouth burning. Just had to share",,https://i.redd.it/85gps07pb6rz.jpg,1507715822.0,4400,0.91,284,CasualUK,PertinentPuppet
75nqqi,Anyone remember watching this classic?,,https://i.redd.it/ch0bl0niw5rz.jpg,1507710713.0,65,0.92,41,CasualUK,carabea293
75kags,Cat shitting in my garden!,"It ends now, today, this is it, I've fucking had it.
Not once in the last 3 years have I mowed my lawn without trying to pick up runny cat shit, the bag split earlier 
in the week and I had liquid cat shit in between my fingers and under my nails I thought, ""I aint having this.""

I've tried a couple of half arsed attemps before to sort this shit out, I pissed into a 3 litre coke bottle for a week
(yellow as fuck I need to rehydrate a bit) ""Sprinkle it around the garden, they hate the testoterone"" or some shit, it did fuck all!

I looked like I had mental health issues when my mates came round and I had 3 liters of piss sitting next to the bog.
""Hang a couple of broken CD's from the trees!"" ""Fuck off, useless.""

It ends now,I need to get tooled up! so I booted it down to Wilkos and loaded every fucking cat repellent I could find, liquid crystals,
spray, flakes, spikes, 2 double barrel nerf guns and a super soaker. 

I got 3 ultrasonic cat reppelers, 3 fake cats with marble eyes and a 
PestBye jet spray motion activated repeller from Amazon.

I set up my old phone with an app called Alfred, motion activated security camera, I set up my phone to receive notifications of any motion detected.

Lets have it you big ginger cunt!

&amp;nbsp;

UPDATE 1: I've engaged the enemy, the devil himself: https://imgur.com/a/zXzQm
I got a couple of shots off and then ran out but he escaped :/ https://imgur.com/a/txsuh

&amp;nbsp;

Here's some of the weaponry I purchased I emptied the whole bottle repellent spray over the shed and fence and 
he was just sat right in the middle of it https://imgur.com/a/QtfG3

&amp;nbsp;

The only thing that I think is working are the ultrasonic repellers I had one and it seemed to work for a week so 
now I'e got 3 https://imgur.com/a/Q9g8B

&amp;nbsp;

My main weapon has arrived I'm setting this up now https://imgur.com/a/mA12G

&amp;nbsp;

Here is the Alfred app set up sends a notification when it detects any movement https://imgur.com/a/qERc5

&amp;nbsp;

I told my brother about everything I've done and he said ""Who do you think you are fucking Rambo?""

&amp;nbsp;

Main tool installed! I might move it to cover the shed atm https://i.imgur.com/uKukL0b.gif

&amp;nbsp;

UPDATE 2: Tonight's trap has been set https://i.imgur.com/vrvvx5N.gif
I think this is where he gets in and sits on the edge of the shed, I'm going to set up the motion control camera to run off power in my car, I'm getting a hard on! I'll be in the pub waiting for that sweet notification! have a good night!

&amp;nbsp;

UPDATE 3: No sign of the little ginger shitter.

&amp;nbsp;

UPDATE 4: In 1972 a crack commando unit was sent to prison by a military court for a crime they didn't commit. These men promptly escaped from a maximum security stockade to the Los Angeles underground. Today, still wanted by the government, they survive as soldiers of fortune. If you have a problem, if no one else can help, and if you can find them.....


",https://www.reddit.com/r/CasualUK/comments/75kags/cat_shitting_in_my_garden/,1507670702.0,83,0.93,105,CasualUK,russ3001
75jyjy,Traffic jam comedy,,https://i.redd.it/n61lqtntc2rz.jpg,1507667768.0,193,0.98,6,CasualUK,nnnndave
75jjsf,Saw a mystery machine in a scrapyard this weekend!,,https://i.redd.it/y6wokpi722rz.jpg,1507664210.0,191,0.97,33,CasualUK,strychnine213
75jirr,Why am I only learning of this now?!,,https://i.imgur.com/DSnWliZ.png,1507663975.0,177,0.96,36,CasualUK,mynameisfreddit
75j4vp,What's the missus trying to say with this birthday cake?,,https://i.imgur.com/R4bNx23.jpg,1507660712.0,64,0.93,16,CasualUK,[deleted]
75iu13,Anyone else think one of the soaps should add a completly normal family just so they can be horrified at what their neighbours get up to?,"So my girlfriend adores her soaps, she watches them all, from Home n Away and it's 7 cast members to Eastenders with it's one pub in 10 miles. And after being forced to watch them I think it would be great for one of the soaps to just have a normal family with no skeletons or brain tumors or fucked up love triangles, to just take a back seat and judge their neighbours for all the Fucked up shit that happens.

The husband comes home from work and is just like ""Jesus Christ you see what Susan next door just did?! She only gone and set the cat on fire"" or they at the funeral or wake and just make passive aggressive comments, I told you that wouldn't have ended well fs! and thats them for the episode cause they normal Fucking people.",https://www.reddit.com/r/CasualUK/comments/75iu13/anyone_else_think_one_of_the_soaps_should_add_a/,1507658212.0,205,0.98,57,CasualUK,Carson99
75i76c,"Applying for jobs, you guys got any tips for getting this one?",,https://i.redd.it/bmqss00e41rz.png,1507652825.0,67,0.96,14,CasualUK,Coolnumber11
75i245,10p per ice cream in the Tesco Express on Shrewsbury high street. Best thing that's happened to me this week so far!,,https://i.imgur.com/w2V1MjF.jpg,1507651656.0,248,0.97,36,CasualUK,[deleted]
75hs7q,The /r/CasualUK Bev-Off | Vote for your favourite soft drinks!,,https://goo.gl/forms/Y2FHmaQZpGh46iYJ3,1507649337.0,64,0.91,113,CasualUK,[deleted]
75hb7o,The things we did at University.,"My old housemate had a Facebook status this morning that said ""2am and It's all kicking off in the student halls opposite my house. Apparently someone has pissed in the fish bowl and they're trying to find out who did it. I miss Uni."" 
 
What stupid shit did you get up to?",https://www.reddit.com/r/CasualUK/comments/75hb7o/the_things_we_did_at_university/,1507644887.0,64,0.97,149,CasualUK,[deleted]
75h93i,Dave have managed to get chocolate so wrong.,,https://i.redd.it/rxqyu0s2f0rz.jpg,1507644312.0,1032,0.94,442,CasualUK,Harry_monk
75h7xv,This photo of London has been edited to include nicer weather.,[deleted],https://i.imgur.com/TTG6BC8.jpg,1507644018.0,83,0.94,9,CasualUK,[deleted]
75g5y2,My cousins kid has got her head stuck....,[deleted],https://i.imgur.com/8j8T5ZL.jpg,1507631592.0,58,0.89,17,CasualUK,[deleted]
75g3a5,"New boiler installed on Thursday, broke on Friday, repaired on Saturday and Monday, broken again today. Aaagggggghhhhhhhh!","Bloody British Gas. Having read the bloody manual and looked at what they‚Äôve done it appears to have been wired incorrectly! So it‚Äôs overloading and killing the PCB! Fucking idiots, I‚Äôm beyond pissed. I‚Äôve entered the realm of calm beyond anger just before the nuclear explosion of rage. ",https://www.reddit.com/r/CasualUK/comments/75g3a5/new_boiler_installed_on_thursday_broke_on_friday/,1507630498.0,64,0.98,37,CasualUK,Anchor-shark
75fs5x,With reference to Liam Gallagher.,,https://imgur.com/2hZKASm,1507625594.0,324,0.93,65,CasualUK,HPB
75fn7x,Liam Gallagher is one of us,,https://i.imgur.com/TVDKh3k.jpg,1507623239.0,125,0.96,37,CasualUK,_rickjames
75coq6,Used the toaster for the first time in Student accommodation,,https://i.redd.it/i1a2jierqvqz.jpg,1507587707.0,72,0.98,35,CasualUK,fuzzlebuzzle
75b2sn,The second image that is brought up if you Google ‚ÄúRoss Kemp‚Äù,[deleted],https://imgur.com/tt6WVZ4,1507573680.0,163,0.96,14,CasualUK,[deleted]
75b1fp,r/CasualUK has hit 40k subs! wooo,,https://www.reddit.com/r/CasualUK/comments/75b1fp/rcasualuk_has_hit_40k_subs_wooo/,1507573380.0,85,0.98,46,CasualUK,MuttonHeadedMugwump
75axsj,i made a oyster holder,,https://imgur.com/Skp2LlZ,1507572532.0,79,0.95,23,CasualUK,pm_me_your_fluffy
75a1vj,The football road signs are wrong. An academic at QMUL wants to get them changed...,,https://www.youtube.com/watch?v=btPqKAGyajM,1507565057.0,64,0.97,17,CasualUK,drakansteal3
759fa0,Celebrity Sightings. Today : Jeremy Kyle in the carpark of Asda in Spennymoor.,,https://imgur.com/GMwBze0,1507559539.0,59,0.95,26,CasualUK,HPB
758wr5,KFC's Double Down Burger - A Review: 2/10,"Today saw the lunchy launch of the Double Down burger at KFC. I like KFC, I like chicken, I thought this would be faultless. It's bacon and cheese but instead of bread, it's chicken breast as a bun! Perfect, right?

However, disappointed is not the word. Let's establish one thing about burgers. The bread is more than just a soft meat-glove, it is crucial for the holding of the burger. And you may not fully appreciate the vitality of bread until you have replaced them with greasy, SCOLDINGLY HOT and rough-as-hell chicken breasts. How in all that is holy are you supposed to HOLD this thing? Do you keep it in the bag and eat it like a burrito? With the sauce in the middle acting as a greasy lubricant it made the whole debacle akin to trying to wrestle some well-oiled turtles.

Which brings me on to the sauce. Some of you will like bbq sauce and won't see this as a problem, but the issue I have with it is that Barbecue Sauce completely overpowers all other flavours of whatever you put it on. It is like the Japanese Knotweed of sauce. You could put a thimble full of BBQ sauce into a tin of paint, neck the lot and only taste the sauce. This was a complete burger ruiner right from the first bite. The cheese and bacon in the middle are cheap and you'll find trying to hold them both in between the chicken like trying to balance a fish between two dying otters.

It's 540 calories (roughly the same as a Big Mac) but inherently worse for you because of the greater number of calories that are empty. For an extra pound you get the meal deal, and another 350 calories on top.

Finally, it's a solid fiver. A fiver for a bacon and cheese version. It simply isn't worth it. The only saving grace is that the chicken itself is relatively tasty, once you have managed to find a bit not tainted by barbecue lube. My advice: Go to Subway.",https://www.reddit.com/r/CasualUK/comments/758wr5/kfcs_double_down_burger_a_review_210/,1507554247.0,56,0.93,56,CasualUK,InappropriateSurname
758jok,I can only apologise to everyone involved in the delivery of this! I tried to explain it to the post-office cashier but due to a severe lack of sleep I don't think I made any sense at all.,,https://i.redd.it/s0utid3clsqz.jpg,1507549886.0,205,0.96,83,CasualUK,ThatSawyer
758fsu,What a pretty shade of yellow,,https://i.redd.it/u5rrzm71isqz.jpg,1507548461.0,79,0.98,28,CasualUK,NervousEnergy
757szd,"Excited boy opens message in bottle, finds 'world's worst' message.",,http://www.independent.co.uk/news/uk/home-news/boy-hidden-message-heineken-bottle-hampshire-men-cocaine-coke-a7350921.html?cmpid=facebook-post,1507538628.0,72,0.93,24,CasualUK,[deleted]
757ra4,PSA: West Yorkshire Police have issued a warning about the worrying trend of Leeds clubbers injecting drugs straight into their mouths,[deleted],https://www.reddit.com/r/CasualUK/comments/757ra4/psa_west_yorkshire_police_have_issued_a_warning/,1507537804.0,136,0.97,42,CasualUK,[deleted]
757qvg,If Monday was a picture,,https://i.redd.it/45z4s86qlrqz.jpg,1507537588.0,8515,0.92,159,CasualUK,fisherpriceman
754g1z,Of course that's a thing.,,https://i.redd.it/vr251r0d9oqz.jpg,1507497117.0,160,0.99,37,CasualUK,Scott_JW
753wd0,Anybody else gunna be giving this a watch?,,https://i.redd.it/9xaxphultnqz.jpg,1507491808.0,90,0.97,20,CasualUK,gavingiant
753iks,Beans or no beans?,,https://i.redd.it/yh580nyoinqz.jpg,1507488139.0,270,0.98,77,CasualUK,leenalot
752srd,My app glitched the name of this sub. Seems fitting,,https://imgur.com/c99HOU5,1507481243.0,151,0.97,6,CasualUK,PM_YOUR_SIDE_CLUNGE
752a6o,uk_irl,,https://i.redd.it/jrilcfdbjmqz.png,1507476297.0,239,0.92,26,CasualUK,stumpychubbins
751zeo,M6: A Postcard View,,https://i.redd.it/1gkdhusz9mqz.jpg,1507473107.0,201,1.0,28,CasualUK,twoshillings
751qrp,Didn't have any crisps so made my own Frazzles.,,https://i.imgur.com/3rNHlbm.jpg,1507470219.0,111,0.92,19,CasualUK,[deleted]
7514eq,Sunday morning full English with homemade hash browns,,https://i.imgur.com/g20aZNt.jpg,1507461037.0,151,0.91,48,CasualUK,[deleted]
750w0v,Found in Tesco. Finally! A bank I can invest in!,,https://i.redd.it/thymmdbixkqz.jpg,1507456802.0,371,0.97,26,CasualUK,_oodledoodle
750vow,Does anyone remember this advert?,,https://i.redd.it/ga0e57qywkqz.png,1507456619.0,125,0.96,22,CasualUK,EchoVixen
750plm,England Secure Place for disappointing exit from World Cup 2018,,http://newsthump.com/2017/10/06/england-secure-place-for-disappointing-exit-from-russia-2018/,1507453329.0,163,0.96,30,CasualUK,Essexboyz123
750p9n,Glorious Gloucester,[deleted],https://i.redd.it/ks775arkmkqz.jpg,1507453145.0,63,0.95,21,CasualUK,[deleted]
750h2j,Petition: Update the UK Traffic Signs Regulations to a geometrically correct football,,https://petition.parliament.uk/petitions/202305,1507448650.0,122,0.9,11,CasualUK,DC-3
74zcv4,Spar's everyday essentials section,,https://i.redd.it/0vtcfb29uiqz.jpg,1507431491.0,257,1.0,20,CasualUK,[deleted]
74z9o2,/r/GifRecipes has gone into full US vs UK meltdown regarding the way Brits eat their boiled eggs. They're none too happy about dippy soldiers either.,,https://www.reddit.com/r/GifRecipes/comments/74up0i/soft_boiled_eggs_cooked_perfectly_every_time/,1507430339.0,58,0.96,111,CasualUK,[deleted]
74wfj3,Because 'cheesy garlic bread' is just too common...,[deleted],https://i.redd.it/rc0zrqvq7gqz.jpg,1507399709.0,89,0.98,15,CasualUK,[deleted]
74vvk4,Which of you arseholes did this?,,https://i.redd.it/henae415rfqz.jpg,1507394139.0,173,0.95,16,CasualUK,MellotronSymphony
74vsg5,Why The Germans Can't Get Enough Of English Markets,[deleted],https://www.youtube.com/watch?v=f6m9tvs3PhU,1507393279.0,96,0.95,16,CasualUK,[deleted]
74voyl,I'm an Assistant Manager at Greggs AMA,"Will post proof if required, not sure why anyone would lie about it though",https://www.reddit.com/r/CasualUK/comments/74voyl/im_an_assistant_manager_at_greggs_ama/,1507392297.0,135,0.96,160,CasualUK,throwawaygreggs
74uxjz,Toblerones are back to their original size! Rejoice!,,https://i.redd.it/4to72sltweqz.jpg,1507383929.0,244,0.9,52,CasualUK,[deleted]
74ur4e,Ripping the yellow pages in half doesn't seem all that impressive these days.,[deleted],https://i.redd.it/cvifp8pvpeqz.jpg,1507381598.0,225,1.0,24,CasualUK,[deleted]
74uds5,Really?,,https://imgur.com/v6W4JlO,1507376331.0,53,0.94,6,CasualUK,Crowley131
74ucui,"Xmas arrives at Tesco Extra, Swindon, yesterday.",,https://i.imgur.com/l2P3Abd.jpg,1507375939.0,92,0.98,26,CasualUK,[deleted]
74u8yv,"Sweet, the new phone books have arrived!",,https://i.redd.it/38guk74o3eqz.jpg,1507374129.0,88,0.99,18,CasualUK,butterjamtoast
74u6i5,The British Dream,,https://www.youtube.com/watch?v=KgCm11hWr1w&amp;feature=youtu.be&amp;t=11m38s,1507372883.0,75,0.95,2,CasualUK,TheWrongFusebox
74u1eo,My submission to the ‚Äúwhat were they thinking?‚Äù crisp debate...,,https://i.redd.it/5y9pnt0fsdqz.jpg,1507370363.0,312,0.97,61,CasualUK,invasionofcamels
74tzag,The British Dream,,https://imgur.com/yRGZ2kJ,1507369287.0,64,0.83,25,CasualUK,bluebird1308
74tj09,Saturday Morning Fry Up,,https://imgur.com/ljGlTPd,1507360822.0,422,0.96,92,CasualUK,ASK_IF_IM_PENGUIN
74s5vr,New type of northern lights discovered,,https://i.redd.it/8csrqzojdbqz.jpg,1507341225.0,1800,0.97,51,CasualUK,Hipvagenstein
74qfq0,You will see it. Blackpool Tower,,https://i.redd.it/hv85qh9lu9qz.jpg,1507322644.0,96,0.98,32,CasualUK,twoshillings
74q1qr,This sub makes me proud to be British again,"It's been a difficult year with various shenanigans in different things that we seem so divided as a united kingdom, this sub has restored my faith in my country and I just wanted to thank each and everyone one of you who contributes here, you make UK life normal again like pre 2016",https://www.reddit.com/r/CasualUK/comments/74q1qr/this_sub_makes_me_proud_to_be_british_again/,1507319064.0,97,0.95,38,CasualUK,dmwilson2011
74n7xp,I‚Äôve made a bit of a fuck up.,"Throwaway because this just happened at work.


I‚Äòm working full time as a courier, company van, nice and obvious. Now most people I meet are apathetic, some very friendly and a few raging arseholes.

This customer falls into the latter category.



I ring the doorbell and wait a while before a man in a wheelchair answers.

‚ÄúMorning! Parcel for Mr.*******?‚Äù

‚ÄúWhere the fuck have you been?‚Äù

Alright. Good start.

‚ÄúExcuse me?‚Äù

‚ÄúYou‚Äôre fucking over a week late you muppet! You were supposed to be here on Monday!‚Äù

Right. Because obviously I keep all your shit in my garage and just deliver it if I like it. 

Luckily all our posting labels have the date they were printed on so I gave that a quick check, and surprise, suprise. The label was printed **yesterday**.

‚ÄúI don‚Äôt think so sir, it‚Äôs been sent on a two day service and it‚Äôs a day early. Says here on the label look...‚Äù

‚ÄúDon‚Äôt give me any of that shit. I know what you cunts are up to!‚Äù

The guy signs the PDA but looks like he‚Äôs about to blow a vessel. Then I try to do some damage repair, be helpful and give the guy a card for customer services.

And that‚Äôs where I fucked up.

‚ÄúLook, here‚Äôs the number for the claims team. Give it a go but as far as that label you goes I don‚Äôt think you‚Äôve a leg to stand on.‚Äù

As I hand him the card I look down at his wheelchair. 
He‚Äôs a double amputee. Fuck. Time to go! 

",https://www.reddit.com/r/CasualUK/comments/74n7xp/ive_made_a_bit_of_a_fuck_up/,1507292165.0,313,0.98,63,CasualUK,ObviousThrowaway897
74mqk0,Chronological tenners!,,https://i.redd.it/epp5t14mr6qz.jpg,1507285321.0,93,0.93,43,CasualUK,Lup1nql
74ml5q,"Shall we have a go at that ""ask me questions then edit your post to make me look like a bit of a prat"" thing? CasualUK Style!",,https://www.reddit.com/r/CasualUK/comments/74ml5q/shall_we_have_a_go_at_that_ask_me_questions_then/,1507282941.0,111,0.97,169,CasualUK,tgcp
74mgm9,Has science gone to far?,,https://i.redd.it/0papsomce6qz.jpg,1507280862.0,148,0.95,48,CasualUK,Sammear
74meue,Wtf is going on with crisp flavours,,https://imgur.com/o1wWMS3,1507280014.0,3702,0.95,325,CasualUK,solidhorse
74mdon,Great new product from B&amp;Q,,http://www.diy.com/departments/soranus-cream-2-lamp-ceiling-light/1702936_BQ.prd,1507279426.0,54,0.89,25,CasualUK,LetsHuntSomeOrc
74jfv8,Jim'll Paint It's latest masterpiece,,https://i.imgur.com/1ZJZ47Q.jpg,1507242032.0,216,0.98,20,CasualUK,BedSideCabinet
74hjlc,"I came, I saw, I painted",[deleted],https://i.redd.it/plw9n9npr1qz.jpg,1507224833.0,339,0.97,13,CasualUK,[deleted]
74h3ri,I've scored lads,,https://i.redd.it/5u5gofk9g1qz.jpg,1507220988.0,611,0.96,51,CasualUK,DeatH_D
74gf1t,I wonder how many genitals the radiographers saw before they made this poster?,,https://i.imgur.com/tIuzPCX.jpg,1507214832.0,288,0.99,52,CasualUK,sideone
74g60h,"I used to have an enormous supply of Tesco carrier bags, but they‚Äôre finally gone. How am I supposed to line my bathroom bin now? They haven‚Äôt thought this bag charge through.",I‚Äôm not using a bag for life.,https://www.reddit.com/r/CasualUK/comments/74g60h/i_used_to_have_an_enormous_supply_of_tesco/,1507212404.0,121,0.96,29,CasualUK,spatulon
74fiih,Ahh the joys of construction sites,,https://i.redd.it/39hgq20v50qz.jpg,1507205385.0,65,0.98,22,CasualUK,you-just-readit
74feur,The Thames is not allowed out to play today,,https://twitter.com/AlanBarrierEA/status/915901275212050433,1507204110.0,164,0.98,30,CasualUK,Gisschace
74eq5g,Cathedral twitter banter,,https://twitter.com/StPaulsLondon/status/914859532639260672,1507193726.0,670,0.93,70,CasualUK,NEWSBOT3
74eiqh,"Guys, do I quit my job?","I‚Äôve come in and for the third day in a row, some absolute barbarian has put a wet spoon in the sugar, and both the spoon and the top layer of sugar have turned into some form of sucrose-based concrete.",https://www.reddit.com/r/CasualUK/comments/74eiqh/guys_do_i_quit_my_job/,1507190097.0,154,0.95,57,CasualUK,ApproximatelyC
74ed4e,LPT: if you forget to send someone a present for their birthday / Christmas...,[removed],https://www.reddit.com/r/CasualUK/comments/74ed4e/lpt_if_you_forget_to_send_someone_a_present_for/,1507187513.0,110,0.95,13,CasualUK,[deleted]
74e7cj,What's the best way to stop all 9 neighbourhood cat's from shitting on my lawn?,[deleted],https://www.reddit.com/r/CasualUK/comments/74e7cj/whats_the_best_way_to_stop_all_9_neighbourhood/,1507184928.0,62,0.97,103,CasualUK,[deleted]
74aw0j,Pudsey the bear always scares the hell out of me in the office.,,https://i.redd.it/fld33l2ggvpz.jpg,1507148392.0,65,1.0,3,CasualUK,olliewolliesam
74aaed,British Racing green should be the colours of our new passports!,[deleted],http://car-from-uk.com/ebay/carphotos/full/ebay141519542748765.jpg,1507143250.0,110,0.97,26,CasualUK,[deleted]
74a9p8,And I thought labels are boring,,https://i.redd.it/hf56l0cn0vpz.jpg,1507143078.0,119,0.96,54,CasualUK,[deleted]
749rm7,"999, no charge. Well thats a relief.",,https://i.redd.it/hk8schrnnupz.jpg,1507138712.0,56,0.97,18,CasualUK,chris26182618
747kjt,"Casual Pocket Inspection: Empty your pockets (all of them), photo the resulting debris and post the evidence below so we can all speculate wildly about your proclivities.",,https://i.imgur.com/t6Nfew1.jpg,1507117139.0,73,0.97,215,CasualUK,loudribs
7479ae,Go on then,,https://i.redd.it/giw95kh8ispz.jpg,1507112698.0,566,0.98,19,CasualUK,InappropriateSurname
74726m,The people we know: Work Colleagues edition.,"Done a couple of these now, gym folk and fellow commuters, now onto work colleagues.  
 
I have had the ""pleasure"" of working in five different offices in my four years having left University (dae I'm old XD) and have encountered a wide variety of people. Let's take a look. 
 
__________________________________________________ 
**Nutrition Natalie** 
 
I think I hate Natalie more than most other people who have ever lived. As soon as you reach into your desk to pull out a snack, whether that be a satsuma, a handful of almonds or an entire beef wellington, Natalie is on hand to stomp up to your desk to remind you that you are indeed poisoning your body and the consumption of whatever you are about to eat will surely cause your innards to explode. I have some advice for all of the Natalie's in this world, please bend over and actually fuck your own face. I have another 50 years or so left to be alive and if I want to have a goddamn fucking snack to munch on while I listen to you dribble on about The Only Way is Somerset, or Coronation Farm, I am going to do so with or without your dietary instruction. Fuck! 
 
__________________________________________________  
**Foghorn Fearne** 
 
*Now ah say ah say boy*, Foghorn Fearne is not the delightful southern chicken that frequents early morning cartoons but is in fact the team secretary who is unable to communicate in anything other than a shrill, nasally tone that sends shivers down the spine like a sharp knife against a china plate. Foghorn Fearne spends more time doing her nails and flirting with the delivery men than actually passing on important emails and calls but is so damn ""bubbly"" that you just have to love her despite her inability to perform simple tasks.  
 
__________________________________________________ 
**Inappropriate Ian** 
 
Ian, Ian, Ian. I'm happy that you went on a date and I'm happy it went well but please stop your sentence before you tell us she had a fanny like a dropped kebab, kicked around a barbershop floor. This is an office, not the local boozer and although I *do* kind of want to hear your stories, save it for a Friday night when I'm not in polite company. 
 
__________________________________________________ 
**Depth-Charge Darren** 
 
Although Darren is in the office for 7 hours, he spends 3 of those in the toilet curling out an assortment of turds. The dreaded ""shitters blocked"" email is sent out and all eyes on Darren, who unashamedly informs those around him that he has been having some stomach issues. *Darren mate, you've been doing this daily and for years*. Might be all the beef wellington he's been eating at his desk. 
 
__________________________________________________ 
**Manager Mike** 
 
The worst kind of manager. He simply must tell everyone that he is the manager, and you are the associate. *How's the weather looking this weekend Mike?* ""Well as a manager, I've heard it will be sunny with intermittent showers"". 
 
Usually only a manager because he's hung around the company too long like one of Darren's depth-charges, Mike has taken his managerial training from the school of David Brent, often sporting the same horrid facial hair. 
 
__________________________________________________
 
**Who works in your offices?** ",https://www.reddit.com/r/CasualUK/comments/74726m/the_people_we_know_work_colleagues_edition/,1507109559.0,53,0.93,70,CasualUK,[deleted]
746u2t,Can we Try to Clarify Something?,"We were on the train last week and I decided to dip into my book for a bit. After 10min or so my wife said, ""Mind, we're nearly there."" 

So I look up and put the book away. ""How many stops is it?""

""Eer... 6!"" SIX stops! Is *that* nearly there? I know stops can close together but these weren't.

Then, last night she said she'll be going to sleep 'soon' and yes, three hours later she's still awake. What the fuck is 'soon' and 'nearly there' to you?",https://www.reddit.com/r/CasualUK/comments/746u2t/can_we_try_to_clarify_something/,1507105675.0,82,0.98,86,CasualUK,EuropoBob
745d7n,Everyday we stray further from God's light.,,https://i.redd.it/5s0n5c8p7qpz.jpg,1507084956.0,78,0.96,25,CasualUK,AGeary
743yi8,New phone ... ?,,https://i.imgur.com/zfQupsD.jpg,1507069867.0,358,0.97,26,CasualUK,greatstonedragoniam
743b16,Every Post Office should have one of these (except for WH Smith ones) - from /r/aww,,https://i.imgur.com/KJLPr3C.jpg,1507063726.0,634,0.97,56,CasualUK,Monsis101
742ndg,Was having a quiet night and then .. Pub doggies!,,https://i.redd.it/rce4siceznpz.jpg,1507057943.0,217,0.98,29,CasualUK,NEWSBOT3
742c1d,The Christmas sandwiches are back in Boots!,,https://imgur.com/7XHbisn,1507055188.0,144,0.98,48,CasualUK,DrIrisMarinusFenby
7428my,Can you get anymore /r/casualuk,,https://i.redd.it/7sduxe3uonpz.png,1507054357.0,81,0.95,9,CasualUK,[deleted]
7401v0,"If you don't know how to make tea without instructions, then you shouldn't be near a kettle or a tea bag.",,https://i.redd.it/ucq0wpu4zlpz.jpg,1507033607.0,57,0.88,18,CasualUK,m202a1
73zy77,"According to the illustration, in Britain it's normal for a burglar to have tea with the victims before being taken away.",,https://i.redd.it/px72b2uhvlpz.jpg,1507032393.0,346,0.99,77,CasualUK,[deleted]
73zj7t,A user asks /r/London why the water level of the Thames rises and falls. The responses go as well as can be imagined.,,https://np.reddit.com/r/london/comments/73ug31/why_the_thames_water_level_changes_rapidly_during/,1507026503.0,753,0.94,75,CasualUK,[deleted]
73z8ng,"Happy 60th Birthday to The Big Dog, Tim Westwood!",,https://i.redd.it/ndbrouiszkpz.jpg,1507021726.0,68,0.89,41,CasualUK,nighttrain932
73z4gt,"I pay my solicitor to do a job, yet whenever I speak to him about it he gives me the distinct impression that he's doing me a favour..?","&gt; I've not managed to get around to taking a look at those documents yet, you're not in a rush are you?

Are they all like this...?",https://www.reddit.com/r/CasualUK/comments/73z4gt/i_pay_my_solicitor_to_do_a_job_yet_whenever_i/,1507019633.0,119,0.98,117,CasualUK,dronebox
73ynko,20 years ago this year - RIP Clive Anderson.,,https://www.youtube.com/watch?v=EGtdsXhXiEM,1507011574.0,168,0.95,56,CasualUK,124876720
73w0ul,Of course.,,https://i.redd.it/p5tv7v9vmhpz.jpg,1506981054.0,66,0.94,7,CasualUK,Big_Miss_Steak_
73ts5k,Behind schedule is an understatement,,https://i.imgur.com/D3Uy6Ev.jpg,1506960967.0,232,0.96,21,CasualUK,Hassaan18
73tmq8,Today I received the answer to the question I have been dying to know for years...,"""Canon wise, is Sooty a puppet or a bear?""

TODAY I GOT MY ANSWER FROM THE SOOTY SHOW:

""He is a magical teddy bear""

All is good in the world.",https://www.reddit.com/r/CasualUK/comments/73tmq8/today_i_received_the_answer_to_the_question_i/,1506959618.0,90,0.97,23,CasualUK,[deleted]
73tf5q,Echoes of the Past,[deleted],https://i.redd.it/qimzp97dpfpz.jpg,1506957682.0,643,0.98,39,CasualUK,[deleted]
73tep1,"An ""unfortunate error"" in subtitling led to Newcastle United being labelled ""black and white scum"" during the BBC's Match of the Day 2 programme.",,http://www.bbc.co.uk/news/uk-england-tyne-41473443,1506957567.0,115,0.98,16,CasualUK,[deleted]
73sgj3,What is your controversial British opinion?,"No politics, obviously.

Mine:

- Black pudding is abysmal
- Pippa Middleton's arse isn't that nice
- Monty Python (the show, not the people) has not aged well.
- Wetherspoons is not that great
- Greggs is shambolic",https://www.reddit.com/r/CasualUK/comments/73sgj3/what_is_your_controversial_british_opinion/,1506947361.0,134,0.94,663,CasualUK,[deleted]
73s22e,Does anyone else remember Miffy?,"What a lovely rabbit. She'll always have a place in my heart. Was just struck by a wave of nostalgia.

[Miffy](https://www.miffy.com/)",https://www.reddit.com/r/CasualUK/comments/73s22e/does_anyone_else_remember_miffy/,1506941571.0,56,0.93,34,CasualUK,[deleted]
73rr94,"Okay Marks and Spencers, now you're just taking the piss",,https://i.redd.it/hba3mopeydpz.jpg,1506936508.0,938,0.95,156,CasualUK,ed_menac
73qffp,"Saw this on r/funny, they said amazon was messed up but who knows",,https://i.redd.it/x8r0oo617cpz.jpg,1506915197.0,244,0.94,12,CasualUK,gavingiant
73ocbr,Spiders get out of hand this time of year. This one was marching across my kitchen floor,,https://imgur.com/LDOopyM,1506892218.0,66,0.96,25,CasualUK,Monsis101
73nqly,Tesco mishap,"Popped to Tesco earlier to pick up some bacon to wrap my chicken breast in, because bacon makes everything better. Picked up a bottle of white on offer while i'm there. Because alcohol also makes everything better. So I get to the self service till and it's not ¬£6. It's ¬£13.  Some twat has put it back in the wrong section. I didn't even know Tesco Express did ¬£13 wine. Bought it anyway because i've committed at this point, don't want to look like I can't afford my shop. Put your shit back in the right place people.",https://www.reddit.com/r/CasualUK/comments/73nqly/tesco_mishap/,1506886362.0,98,0.93,50,CasualUK,-Dionysus
73nflk,I made another illustration of how I feel about someone - via redundant street furniture,,https://i.redd.it/gvy9pfx4k9pz.jpg,1506883376.0,581,0.98,51,CasualUK,SophieJiffy
73nddj,My wife did this. What should I do?,,https://imgur.com/8qlUBqf,1506882750.0,95,0.94,51,CasualUK,ClintonLewinsky
73n2cy,York Station. Classic Yorkshire Builder Speed.,,https://i.imgur.com/VJEcWnN.jpg,1506879817.0,289,0.99,39,CasualUK,HPB
73llx3,"Next Time, Dave... You Will Not Be Around",,https://i.redd.it/wvhfzlyjz7pz.jpg,1506864332.0,66,0.96,17,CasualUK,EuropoBob
73lfc0,As seen in Elephant &amp; Castle...,,https://i.redd.it/esojbqogs7pz.jpg,1506861902.0,56,0.95,8,CasualUK,[deleted]
73l9my,Bit of modern art round the back of Wetherspoons,,https://i.redd.it/dfh08nkkl7pz.jpg,1506859550.0,942,0.96,34,CasualUK,ButteredParsnips
73l7b4,Everybody was flung poo fighting ‚Äî Carnoustie kids make mess of residential street,[deleted],https://www.thecourier.co.uk/fp/news/local/angus-mearns/517127/everybody-was-flung-poo-fighting-carnoustie-kids-make-mess-of-residential-street/,1506858537.0,116,0.98,22,CasualUK,[deleted]
73ktt5,OUTRAGE: The International Standard for making a cup of tea is to put the milk in first,,https://www.youtube.com/watch?v=9mAcJRFfAL0,1506851685.0,84,0.85,82,CasualUK,PeteWTF
73klnw,"Which one of you beautiful bastards text radio 6 from ""Drew Peacock"" this morning?",,https://www.reddit.com/r/CasualUK/comments/73klnw/which_one_of_you_beautiful_bastards_text_radio_6/,1506847217.0,188,0.9,67,CasualUK,GrimQuim
73gisf,"Oh, Colin.",,https://i.redd.it/uh0ui7i5b2pz.jpg,1506795554.0,91,0.92,29,CasualUK,Hassaan18
73fyzs,Turns out you can fit a 20p almost perfectly into some Next tracksuit bottoms.,,https://i.redd.it/twcfgm9lu1pz.jpg,1506790001.0,123,0.9,13,CasualUK,Hullian111
73fvx8,Anyone want to come to a party?,,https://i.redd.it/suitrk15s1pz.jpg,1506789124.0,220,0.99,14,CasualUK,bluelanyard
73flak,"When you and the chums haven't seen each other in some time, so you all get together to have some",,http://imgur.com/WEn21RB,1506786146.0,154,0.98,2,CasualUK,Indy_B
73fi3r,"Don't mind your ""bag of cans"", here's a ""Pram of cans""",,https://i.redd.it/1hkowz6gg1pz.jpg,1506785189.0,181,0.98,12,CasualUK,slipperydodger
73e3tf,World's most pointless railway bridge.,,https://imgur.com/BonpRiO,1506765347.0,80,0.9,29,CasualUK,[deleted]
73e2aj,I illustrated the way I feel about someone via Sooty,,https://i.redd.it/l9pjqwm9qzoz.jpg,1506764486.0,145,0.96,23,CasualUK,SophieJiffy
73drps,"I have secretly made our Henry Hoover into a mirror universe version, seeing how long till the wife notices",,https://i.redd.it/elpjk1gk9zoz.png,1506758799.0,3724,0.93,94,CasualUK,DrewBk
73amft,"Christ, I only want a tenner!",[deleted],https://i.redd.it/ck1bdnfpwvoz.jpg,1506718012.0,168,0.98,51,CasualUK,[deleted]
73adyd,This hit way too close to home,,https://i.redd.it/5kmj8kxv2blz.png,1506715798.0,354,0.97,7,CasualUK,Hassaan18
737nh1,How hard is it to get a man to the GP? *Final update!*,"Lads and ladettes of CasUk. I'm back with an update. 

For those of you just looping in, partner had some sort of fit, tried to play it down, I strong-armed him into seeing his GP and moaned about it on reddit (got loads of wonderful advice, thank you guys), his GP sent him to a nice italian doctor who ordered an MRI ~~to find a brain~~ to check everything's a-ok.

Everything is not okay.

My ~~pain in the arse~~ *lovely partner* has what's known as Intercranial Vascular Malformation. In short terms: ~~He's got a screw loose~~ sorry. He has a large mass on one of the blood vessels to his brain and it's given him epilepsy. 

Score one for the ~~meddling biddy~~ concerned girlfriend and reddit at large! 

At this point, we're still reeling from the diagnosis and his particulars have been sent to a team up in Newcastle to look at. Options are:  ~~Become the Hulk~~ get radiotherapy or get surgery. No bangs to the head, heavier meds to control possible fits and no work - at all (that made him *super* happy, let me tell you!) and oh yeah - we're getting married in a week.

*Well FUCK!*

I knew something was up when he asked me to marry him. 

We shall endure! We'll have a pint and wait for this whole thing to blow over. Oh, wait, he can't drink on his meds. More for me! (I love him, really.)

Thank you to everyone who has kept up with this insane saga. We know what's wrong, I was right, we're getting it fixed.",https://www.reddit.com/r/CasualUK/comments/737nh1/how_hard_is_it_to_get_a_man_to_the_gp_final_update/,1506690325.0,89,0.96,31,CasualUK,McStaken
73739z,This country is in ruins,,https://imgur.com/3cgjVAG,1506682950.0,301,0.98,58,CasualUK,oniwastaken
7371k2,Found this sign in an Army Portaloo,,https://imgur.com/gVroPGO,1506682205.0,95,0.99,28,CasualUK,HideTheGarlic
736tz4,It's my birthday,[deleted],https://imgur.com/C6UXtJL,1506678872.0,2821,0.93,151,CasualUK,[deleted]
736s7b,You haven't been to school in the UK unless you have... [Secondary School edition],"*What did we all get up to at big boy school then?* 
 
- In year 7 you'd have the worlds biggest bags filled with books, pencil cases, lunch box, PE kit and all sorts. Compare this to the year 11's who wander around with a single chewed pen. 
 
- Had a sudden growth spurt and ended up with ankle swingers because your parents are tight and don't want to spend all their cash on new clothes for their growing son and would rather he just be called ankle swingers by the other kids (I'm not bitter!!) 
 
- Had a weird self-mutilating kid who would burn a whole in his skin using a can of deodorant or etch the name of his crush into his forearm using a compass. 
 
- The future druggy kid who would sit in class and give his marker pen a right good sniff, pretending to be off his nut. (Our one is now in prison having killed two people, hitting them with his car after being 16 times over the drug-drive limit... [Source](http://www.bbc.co.uk/news/uk-england-sussex-37249674)) 
 
- Turn all the gas taps on in the science lab and mess around with the Bunsen burners, singeing everything in the nearby radius. 
 
- Learn the most basic French words with an appalling British accent, like the Anti-Arsene Wenger. ""BON-JAW. JUH-MA-PELL WHIFFERS. JUH-HABIT EAST-BOURNE. MONGE TWO, MONGE TWO"". 
 
- Been pantsed / pants someone in the changing rooms. 
 
- Smell like Lynx Africa. Cover your head in wet look shower gel and give yourself the ""Simon from the Inbetweeners"" hairstyle. Wear a silver chain. Have the freshest astros.
 
- Ripped your mates shirt pocket off, sometimes accidentally ripping the shirt itself.  
 
- Reflecting the light coming into the classroom onto the back of the teachers head. Grade A comedy. 
    
**What else did we get up to?**
__________________________________________________ 
*I have a few more in the pipeline for next week- University, Early forms of Social media (myspace, bebo, MSN). Love reading about what you all got up to growing up!*",https://www.reddit.com/r/CasualUK/comments/736s7b/you_havent_been_to_school_in_the_uk_unless_you/,1506678038.0,158,0.98,262,CasualUK,[deleted]
736qq4,"Thanks, bus.",,https://i.redd.it/tqxupi5njsoz.jpg,1506677325.0,201,0.99,17,CasualUK,Nerdikki
736msq,ITV made some bold casting choices for the movie adaptation of 'Birds of a Feather',,http://www.imdb.com/title/tt2326818/,1506675538.0,48,0.95,6,CasualUK,TopTrumpWANKER
736lxa,Overheard conversation between dad and daughter,"14 yo daughter just came back home from school and said:  
  
*""Daddy! My future employer just died today! What am I going do now? My career plans are dead.""*  
  
Daddy: *""I didn't know that owner of Sports Direct died today?""*  
(he almost chocked himself on coffee, but still managed to come up with good riposte)",https://www.reddit.com/r/CasualUK/comments/736lxa/overheard_conversation_between_dad_and_daughter/,1506675085.0,63,0.93,11,CasualUK,tatanka1
736gvo,Not quite the billboard I was expecting to see this morning...,,https://i.imgur.com/GXSI9sm.jpg,1506672580.0,171,0.99,62,CasualUK,_rickjames
736eap,Benches - an update!,"Wotcha! About a month ago [I posted here](https://www.reddit.com/r/CasualUK/comments/6sza92/memorial_benches_in_the_uk_a_crowdsourced_list/) about our attempt to map all the memorial benches in the UK.

A bunch of you took photos and uploaded them - and we're now up to 2,470 benches!  Majority in the UK - but a few around the world.

Furthest north is [6 benches on Ornkey](https://openbenches.org/#58.49369/-3.054199/6).  Could do with some more in [Wales](https://openbenches.org/#52.56967/-3.647461/7) and [NI](https://openbenches.org/#54.41254/-7.196045/7) though.

So - thanks everyone for adding benches. If you spot any while out, you can add them direct from your smartphone.  And if you know anyone outside of the UK - please ask them to contribute :-)

https://openbenches.org/",https://www.reddit.com/r/CasualUK/comments/736eap/benches_an_update/,1506671410.0,59,0.97,21,CasualUK,edent
736bqf,The people who make Jammie Dodgers should market the machine they use to apply the jam and sell it for home use.,It'd be incredibly useful for PC building enthusiasts as no one can get thermal paste in a layer as thin as the jam in their biscuits.,https://www.reddit.com/r/CasualUK/comments/736bqf/the_people_who_make_jammie_dodgers_should_market/,1506670184.0,90,0.94,38,CasualUK,PerfectHair
736acj,Just bought this for around ¬£2. Now I need an n64 and four controllers again. Anybody else experience the joy of this growing up?,,https://i.redd.it/rb06uxshwroz.jpg,1506669592.0,232,0.85,167,CasualUK,[deleted]
732wt8,"The entire British Concorde fleet in one picture, January 21, 1986, at London Heathrow Airport",,http://i.imgur.com/Oatr1pw.jpg,1506630999.0,300,0.99,81,CasualUK,Hassaan18
7321jw,"Uhhh, maybe not this time Google",,https://imgur.com/twgmCir,1506623240.0,550,0.97,30,CasualUK,Non_sum_qualis_eram
731uur,Just one of them days.,,https://i.redd.it/q7bys311ynoz.jpg,1506621601.0,153,0.98,8,CasualUK,IAmNotStelio
731str,We have a very big spider in the utility room (which we have named Dave)...the cleaning lady left us a message today...,,https://i.redd.it/evcsqn9jwnoz.jpg,1506621099.0,206,0.96,19,CasualUK,misplacedfocus
731k50,Best thing about donating blood,[deleted],http://i.imgur.com/BBAjUSH.jpg,1506619000.0,175,0.95,60,CasualUK,[deleted]
730fx7,Alan Partridge has written/filmed a poem about the working class for National Poetry Day,,http://www.radiotimes.com/news/2017-09-28/alan-partridge-has-written-a-poem-for-national-poetry-day-and-its-everything-youd-expect/,1506609007.0,89,0.97,11,CasualUK,TopTrumpWANKER
73035m,You haven't been to school in the UK unless you have... [Primary School edition],"**Junior School** 
 
- Sharpened your pencil by the bin just so you could chat with your mates. You end up with a tiny nub of graphite because you've sharpened it too much. 
 
- Said ""Yessssssss!!!"" when the teacher is reading out the answers to the quiz and you get the answer right. You do this for every answer. 
 
- Put your coat hood over your head but kept your hands free and run around pretending you're a super hero. 
 
- Felt like a big man when you get to sit on a bench in year 6 during assembly, lording it over the floor dwelling young'uns. 
 
- Made up fun lyrics to school hymns. ""We three kings of Orient are, one in a taxi, one in a car. One on his scooter, tooting his hooter, he didn't get very far"". 
 
- Taken the wrong lunch box home after school. It was always manky as well, filled with mouldy fruit. 
 
- Enjoyed 'wet play time' where you'd have a game of chess with thirteen missing pieces. 
 
- Had your name on the board for farting in class. (Bonus points if you theatrically wafted the offending gas towards your pals). 
 
- Trade scary stories about how you've definitely seen a ghost and how the school caretaker is secretly a werewolf. 
  
___________________________________________________________________________ 

**Any others to add to the list? (Tomorrow will be Secondary school edition!)**",https://www.reddit.com/r/CasualUK/comments/73035m/you_havent_been_to_school_in_the_uk_unless_you/,1506605540.0,537,0.96,480,CasualUK,[deleted]
72ze63,Mistakes were made....,,https://i.redd.it/yvcr6n9cxloz.jpg,1506597161.0,71,0.95,15,CasualUK,-Bungle-
72zane,"These American memes, coming over here. What's wrong with our good old British memes?",,https://i.redd.it/pn7tqcc2tloz.png,1506595814.0,76,0.94,29,CasualUK,theevildjinn
72ynta,Woke up in a grump &amp; found this at the top of my Twitter feed. I'm still giggling like a schoolgirl,,https://twitter.com/scottygb/status/913035429871587330,1506585148.0,111,0.91,33,CasualUK,[deleted]
72uegv,Story of my life,,https://i.redd.it/xs16b26u1hoz.jpg,1506538151.0,2231,0.97,38,CasualUK,Hassaan18
72ts2t,Great vetting!,,https://imgur.com/y1pYtFf,1506532816.0,126,0.97,13,CasualUK,Lonelychairleg
72t4hs,The Tweeny,,https://i.redd.it/fshg84q35goz.png,1506527154.0,146,0.95,9,CasualUK,HideTheGarlic
72s5oc,I'm at the cricket and a bloke next to me has brought a Wetherspoons menu with him,,https://imgur.com/znZYbxl,1506517922.0,418,0.98,63,CasualUK,_rickjames
72ry1s,This bin has been very naughty,,https://i.redd.it/se65ycrv6foz.jpg,1506515617.0,125,0.98,16,CasualUK,KimJongMilhouse
72rxpb,Stumbled upon a big 5p!,,https://i.redd.it/151rf3ui6foz.jpg,1506515495.0,166,0.98,20,CasualUK,fisherpriceman
72rw6u,Wales is nice when it's not raining.,,https://i.redd.it/x9uncb005foz.jpg,1506514993.0,152,0.98,17,CasualUK,cunt_in_a_toupee
72rlyl,When you get caught playing Fantasy Premier League at work.,,https://gfycat.com/gifs/detail/DecisiveSlipperyGuppy,1506511449.0,146,0.99,28,CasualUK,[deleted]
72qw2f,A pilot study into tea bag weights to investigate the conspira-tea hypothesis,"Following on from [this post](https://www.reddit.com/r/CasualUK/comments/714kap/a_conspiratea/) I took my set of micrometre scales to tea bags in my home and workplace. 

The samples are:  
* Yorkshire Tea  
* Tesco Apple &amp; Cinnamon Tea  
* 'Diplomat' Lemon &amp; Ginger (from Aldi or Lidl I think)  
* ASDA Peppermint Tea  
* ASDA Green Tea  
* Tetley Tea - these were not paired, but I weighed a load anyway to compare the weights and variation with Yorkshire Tea  

Full results can be found on a google doc [here](https://docs.google.com/spreadsheets/d/1lGL7wpTPxQlBRcg1MM696Ldz6cdsfwdF_HWF9ljWR4g/edit?usp=sharing). Feel free to use the data to make your own analysis.

### Methodology

I separated bags in pairs, weighing each one on a micrometer scale [like so](https://i.imgur.com/usMWDiW.jpg), ensuring the scale returned to zero between each measurement. 

A serious shortcoming of the experiment was that the scales haven't been recently calibrated. The weights may not be precise and should be used only for comparison with bags weighed on the same set of scales.

### Main results

[Table here](https://i.imgur.com/vZ4bNUw.jpg) because fuck trying to format a table on reddit, they are always unreadable on mobile. 

**Tea bag variation in a pair**  
Tea (number of sample pairs) - % difference between lightest and heaviest tea bag in a pair  
* Yorkshire Tea(18) - 1.7%  
* Tesco Apple &amp; Cinnamon(10) - 11.7%  
* 'Diplomat' Lemon &amp; Ginger(10) - 7.2%  
* ASDA Peppermint Tea(10) - 5.41%  
* ASDA Green Tea(10) - 5.37%  

**Tea bag variation overall**  
Tea(number of bags) - average weight - range of weights - &amp;difference between highest and lowest  
* Yorkshire Tea(36) - 3.5g - 0.31g - 8%  
* Tesco Apple &amp; Cinnamon(20) - 2.5g - 0.8g - 27%  
* 'Diplomat' Lemon &amp; Ginger(20) - 2.5g - 0.6g - 23%  
* ASDA Peppermint(20) - 2.3g - 0.6g - 24%  
* ASDA Green Tea(20) - 2.7g - 0.6g - 19%  
* Tetley Tea(40) - 2.3g - 0.5g - 21%  

### Conclusions

There is some merit to the conspira-tea with some brands, although the difference isn't that high and was statistically insignificant in the case of Yorkshire Tea. Variation between tea bag weights in a box varies between brands with Yorkshire Tea being the most consistent.

I only had Yorkshire and Tetley available to compare with black teas, Yorkshire Tea contains more tea per bag and has less variation between bags, which we hypothesise would lead to a more consistent cup of tea. I did not however separate tea from bag, so it could be that the bags are heavier.

This was a pilot study and further measurements are required with calibrated scales, a greater quantity of samples and wider range of teas.

### Further observations

Tetley tea was the easiest to separate by not being paired to begin with. Among paired bags Yorkshire and ASDA brands were the easiest to separate. Tesco were the most difficult and I cannot recommend 'Diplomat' because while middling on the ease of tearing them apart at least half the bags were stuck to the row of bags below.

*Edit: Fixed a link*",https://www.reddit.com/r/CasualUK/comments/72qw2f/a_pilot_study_into_tea_bag_weights_to_investigate/,1506500166.0,130,0.97,52,CasualUK,Jaqosaurus
72qqdj,Hate this time of year...,,https://i.redd.it/42zh4f91pdoz.jpg,1506497507.0,80,0.92,83,CasualUK,HamSandwich13
72qpxf,Not sure if it's pumping tomato into the ground or sucking it out.,,https://imgur.com/fMdQ9uF,1506497311.0,264,0.97,34,CasualUK,[deleted]
72qkry,Sometimes Life is just about perspective.,,https://imgur.com/m3WVcNj,1506495053.0,1155,0.93,31,CasualUK,Xxviii_28
72pk30,It is always a joy when Louis Theroux announces a new documentary,,https://www.youtube.com/watch?v=vkrvJnHkxg4&amp;feature=youtu.be,1506481324.0,72,0.96,32,CasualUK,[deleted]
72o981,Bungee Dunk,,https://gfycat.com/gifs/detail/ShorttermBleakFlyingfish,1506467487.0,192,0.94,14,CasualUK,thebudgie
72npdp,found this stinky car,,https://imgur.com/plWMMlQ,1506462173.0,295,0.95,16,CasualUK,zwich
72m9u0,"Hung over chap goes to Lidl for bread, and then the story gets weird. (from /r/videos)",,https://streamable.com/rqwgl,1506449780.0,166,0.9,13,CasualUK,Monsis101
72lkob,"Oh no, I'm doing 9!",,https://i.redd.it/g27wnjo599oz.jpg,1506443778.0,81,0.96,5,CasualUK,InappropriateSurname
72l2be,Looks like I picked the wrong lunch today!,,https://i.redd.it/1em6hgd5w8oz.jpg,1506439385.0,62,0.93,16,CasualUK,idlewildgirl
72kdj0,Daddy or chips?,,https://www.youtube.com/watch?v=aHA4-5N5AzA,1506433002.0,67,0.9,9,CasualUK,TopTrumpWANKER
72kaxs,Apparently the filling in a Jaffa Cake is apricot jam. I don't know what to believe any more.,,http://www.bbc.co.uk/news/business-41400677,1506432274.0,69,0.95,28,CasualUK,Minky_Dave_the_Giant
72jzgk,Every day we stray further from god's light,,https://i.redd.it/yyxl0rfe08oz.png,1506428710.0,416,0.96,86,CasualUK,GRI23
72jvl8,'Snake Charmer' in Catchphrase is still the best quiz show moment ever,,https://www.youtube.com/watch?v=qqb-j1cNPhQ&amp;t=0s,1506427461.0,192,0.98,25,CasualUK,TopTrumpWANKER
72j11f,"What French think is a ""British BBQ platter""",,https://i.redd.it/atevlu7etznz.jpg,1506414765.0,358,0.97,136,CasualUK,sweetcrutons
72j01t,"Currently in Malta, it's the most r/casualuk place I've ever been outside the uk","First time here, don't know what I was expecting but there's red phone boxes, Royal Mail letterboxes, m&amp;s and even the road crossing button things are the same as at home. 

Not seen a wetherspoons yet but aside from that I feel very much like we're at home with lovely weather (bit hot like) and gorgeous blue sea.

Where's the most casualuk place you've been outside the uk?",https://www.reddit.com/r/CasualUK/comments/72j01t/currently_in_malta_its_the_most_rcasualuk_place/,1506414290.0,135,0.99,58,CasualUK,robotsoap
72izgf,"Troubled times indeed, 1 day closer to the revolution.",,https://twitter.com/Retailbarcode/status/912061909188403200,1506414005.0,77,0.92,39,CasualUK,Monsis101
72ixlh,Liverpool Street has a very interesting sculpture...,,https://imgur.com/rysPvpO,1506413133.0,101,0.93,30,CasualUK,berober04
72frty,Earth. Fire. Water. Ale.,,https://i.redd.it/az1ksrzwn3oz.jpg,1506376109.0,149,0.97,17,CasualUK,dorgoth12
72ekfy,"my granda shared this photo on facebook, the comma is everything...",,https://i.redd.it/m8eqdh5bs2oz.jpg,1506365473.0,165,0.98,14,CasualUK,thearguablepear
72cdjb,"""Furious mother 'squirted her boob' at a woman who told her to move while she was breastfeeding because it was distracting her husband""",,https://i.redd.it/mu7nlenl51oz.png,1506345688.0,127,0.97,59,CasualUK,Mroism2
72bw3c,Someone made a choice here,,https://i.redd.it/yu4e1touo0oz.jpg,1506340083.0,127,0.96,19,CasualUK,PM_ME_CAT_TOES
72blfm,What the fuck is this monstrosity!,,https://imgur.com/eL8EkRq,1506335970.0,119,0.93,56,CasualUK,Keycuk
72bedz,"As far as I'm concerned, the greatest British invention is the use of ""fuck off"" as an adjective.","I used it once in the States and they thought I was being very rude.

:(",https://www.reddit.com/r/CasualUK/comments/72bedz/as_far_as_im_concerned_the_greatest_british/,1506333040.0,2165,0.94,418,CasualUK,SlimpyJones
72b8zs,"Just been feeding the cygnets canalside grass. When they eat it they sound like triffids. That's it, that's my whole post.",,https://www.reddit.com/r/CasualUK/comments/72b8zs/just_been_feeding_the_cygnets_canalside_grass/,1506330520.0,59,0.97,11,CasualUK,goldfishpaws
728c14,Thank you.,"I'm not in a good way, the Mrs is poorly for life and all I do these days is keep myself busy with the community when I can - built a youth club, run a recording studio for our young and disadvantaged peeps for many years, all that crap (have proof and stories to tell). 

Now I'm stuck at home looking after the Mrs. and have little to do, apart from get the son to pull his own weight, you know how it goes.  

Reddit is a past time, one of those things you have a gander at when you have a few mins to spare. It gets shitty, all this international crap and no talk of tea or anything. Then I found you guys, and I'd just like to say thanks. That's all. 

Cheers.  

Edit; Thank you guys, this was a great thread to come back to. Much love, and tea. ",https://www.reddit.com/r/CasualUK/comments/728c14/thank_you/,1506292275.0,147,0.98,56,CasualUK,neffs
7272lm,How to start a Mexican Wave,,https://youtu.be/ODssdet9XJ4,1506280396.0,115,0.98,10,CasualUK,TheEmoSpeeds666
726dvh,Citymapper suggests I should take a jetpack to my destination.,,https://i.redd.it/nijlgft08vnz.jpg,1506273861.0,78,0.94,19,CasualUK,[deleted]
724fcj,This perfect country list from r/softwaregore,,https://i.redd.it/aw53d5imatnz.jpg,1506250522.0,1959,0.94,31,CasualUK,camelCaps42
7241lj,Big issue of the day for Cheshire Police,,https://twitter.com/cheshirepolice/status/911873485466677249,1506243152.0,115,1.0,7,CasualUK,Mattlj92
721dum,Thank you for this sub,"I am a British Muslim, originally from a half Pakistani background. Initially originally slightly confused about my culture and this sub has made me realise that regardless of my background or religion, I'm a proper British lad. Apart from eating a full English, I am as British as a cup of Yorkshire brewing away for 5 minutes!",https://www.reddit.com/r/CasualUK/comments/721dum/thank_you_for_this_sub/,1506205611.0,431,0.95,102,CasualUK,Autisticunt
720udn,"You're better than this, BBC",,https://i.redd.it/ugr2zszw3pnz.png,1506199868.0,144,0.95,28,CasualUK,ragna-rocking
71zj90,They want to phase out the old ¬£1 in october but half the fucking pound coins i get from shop change are the old ones,taking the piss,https://www.reddit.com/r/CasualUK/comments/71zj90/they_want_to_phase_out_the_old_1_in_october_but/,1506186873.0,114,0.97,43,CasualUK,TheSentinelsSorrow
71yu83,"This could be anywhere in the world, but it's not. [Low Force, County Durham]",,https://i.redd.it/4hiwxs8kgnnz.jpg,1506179919.0,63,0.96,22,CasualUK,1nfinitee
71y4cl,why are Americans suddenly saying 'twat' all over the place?,[deleted],https://www.reddit.com/r/CasualUK/comments/71y4cl/why_are_americans_suddenly_saying_twat_all_over/,1506171507.0,89,0.99,101,CasualUK,[deleted]
71xi74,Rachel Riley solving a difficult numbers round is far more attractive than it has any right to be.,[deleted],https://www.reddit.com/r/CasualUK/comments/71xi74/rachel_riley_solving_a_difficult_numbers_round_is/,1506161786.0,129,0.96,27,CasualUK,[deleted]
71x557,I'm surprised I couldn't find Easter bags on the same shelf...,,https://i.redd.it/jhqk4k6xdlnz.jpg,1506155036.0,161,0.98,26,CasualUK,maestrojv
71x54x,This breakfast cost me ¬£2.80 inc a mug of tea. Amazing value.,,https://i.redd.it/s6xv1ifoelnz.png,1506155031.0,198,0.92,74,CasualUK,legalfoxx
71ucwx,Hull daily mail really screwed up,,https://i.redd.it/u10ubxk31inz.jpg,1506118038.0,1331,0.99,98,CasualUK,Autisticunt
71tqf6,Fan-girling over the NHS right now,[deleted],https://www.reddit.com/r/CasualUK/comments/71tqf6/fangirling_over_the_nhs_right_now/,1506111995.0,125,0.94,34,CasualUK,[deleted]
71rttl,Tight security at the local value shop,,https://i.imgur.com/sdBhdjP.jpg,1506095117.0,129,0.97,22,CasualUK,Adasha
71rmfw,The single greatest article ever written by a British journalist - How much beer can I legitimately drink in my lunch hour before I get fired? (ShortList),,https://www.shortlist.com/entertainment/how-much-alcohol-can-i-drink-at-lunchtime/101668,1506093214.0,94,0.98,31,CasualUK,Toffee_Wheels
71qune,"Spotted in Birmingham museum, he opened the first Balti house in the UK and if he isn't on the new ¬£20 I might just riot",,https://i.redd.it/mva5q56ynfnz.jpg,1506085552.0,383,0.99,24,CasualUK,monk0
71q6bq,"yeh you're alright, thanks...",,https://i.imgur.com/gMqhXjj.jpg,1506076991.0,387,0.98,19,CasualUK,thearguablepear
71pync,ASDA announcement inception,,https://www.youtube.com/watch?v=yFbX88VTfIA,1506073723.0,74,0.97,3,CasualUK,redonculous
71pv6u,Save lives by becoming an organ donor today!,".. if you fancy it, it's up to you:

https://www.organdonation.nhs.uk/

",https://www.reddit.com/r/CasualUK/comments/71pv6u/save_lives_by_becoming_an_organ_donor_today/,1506072167.0,58,0.94,49,CasualUK,nikosc
71pq8w,I finally did it.,"I actually, finally did it. I followed the compass‚Äôs N as far as I'd ever been before.


I'm from East Sussex, small town just north of Eastbourne and I just got back from my trip up north to my cousin's wedding and I must say I had a great time up there. It wasn't what my fellow southerners had warned me about. It was barely colder than what I've experienced on England's sunshine coast, not even a flake of snow. When I was told the north was full of dull, grey and boring buildings I was dreading it, but I actually really enjoyed the diverse and beautiful architecture you guys have up there.


As for the locals, I only had one problem but in fairness I'd just rocked out of the reception at 2am into the middle of a busy part of the night scene, what place doesn't have the odd drunkard? In all I met some lovely people, if I asked for directions I was politely told or shown the way, sat waiting for the train a few locals even struck up a conversation with me about the book I was reading (book 4 in the Wheel of Time series). You guys really are quite lovely really.


So really what I'm trying to say is, I really enjoyed my trip to Royal Tunbridge Wells.

Edit: I missed a word.",https://www.reddit.com/r/CasualUK/comments/71pq8w/i_finally_did_it/,1506069874.0,209,0.95,56,CasualUK,KizzieMage
71pgw5,Cornish School launches Pasty into space,,https://www.piratefm.co.uk/news/latest-news/2385560/watch-cornish-pasty-launched-into-space/,1506065349.0,103,1.0,22,CasualUK,Leonard95
71pglr,"After the Vicar of Dibley finished filming, Jim found himself out of work. Until he found an opening at the Health and Safety Executive.",,https://i.redd.it/gw5bbgfnzdnz.jpg,1506065237.0,380,0.98,6,CasualUK,-Bungle-
71kmc7,Saw this gem on Facebook.,,https://i.redd.it/y84qoajfr9nz.png,1506014037.0,115,0.98,8,CasualUK,OllieGingerBread
71itom,The prodigy we've all been waiting for,,https://i.imgur.com/ZSBUwEN.jpg,1505997420.0,452,0.99,31,CasualUK,Hypohamish
71ig5z,This was posted in r/ShittyRobots. Not really seeing the shitty side of this...,,https://i.imgur.com/tixmRF7.gifv,1505992878.0,1203,0.95,99,CasualUK,[deleted]
71i337,On my way to Portsmouth,[deleted],https://i.redd.it/mxa7pbutk7nz.jpg,1505987607.0,180,0.95,51,CasualUK,[deleted]
71hv3h,Man's free birthday drinks at Wetherspoons takes very bizarre twist,,http://www.telegraph.co.uk/news/2017/09/21/mans-free-birthday-drinks-wetherspoons-takes-bizarre-twist/?utm_source=dlvr.it&amp;utm_medium=twitter,1505984013.0,125,0.91,69,CasualUK,theholybikini
71hswf,I'd like to extend an olive branch,"It's international Peace Day. 

I'd just like to say (despite our differences), you southerners, you're alright by me. 

Even you West Country guys.",https://www.reddit.com/r/CasualUK/comments/71hswf/id_like_to_extend_an_olive_branch/,1505982932.0,98,0.96,99,CasualUK,[deleted]
71hk5n,This very British street name,[deleted],https://imgur.com/a/VuuM1,1505978802.0,68,0.93,8,CasualUK,[deleted]
71dh21,Free Greggs!!!,"Download the greggs app and during registration type in student17 in promo code for a free sandwich and either a cookie, doughnut, sausage roll or cheese &amp; onion bake - and a lucozade and a hot drink 

Also they don't ask for student ID so no worries if you're not a student (I'm not and I got it fine) 

You're welcome ",https://www.reddit.com/r/CasualUK/comments/71dh21/free_greggs/,1505935318.0,69,0.91,21,CasualUK,bloodfIood
71d718,One of the many rejected petitions on the Government's site,,https://i.imgur.com/23tzT5a.jpg,1505932914.0,1066,0.97,94,CasualUK,Hassaan18
71cifj,"Hello to you too, JustEat...",,https://i.redd.it/5prlpjval2nz.png,1505927251.0,510,0.96,39,CasualUK,[deleted]
71ch8i,Taken in the centre of Birmingham,,https://i.imgur.com/n8EuHwd.jpg,1505926967.0,265,0.97,68,CasualUK,CheeseMakerThing
71cff2,"Thanks Pret, i love a bit of air with my wraps. Bonus filling in comments.",[deleted],https://i.redd.it/bbcp5glui2nz.jpg,1505926563.0,141,0.97,42,CasualUK,[deleted]
71bhsn,Best purchase ever,[deleted],https://imgur.com/rW0kxex,1505918344.0,79,0.79,57,CasualUK,[deleted]
71b7pr,Review for my local kebab shop. Wouldn't change it for the world!,,https://i.imgur.com/wY0SQhn.jpg,1505915662.0,146,0.96,31,CasualUK,SmackSmash
71astr,I've reached peak food.,,http://imgur.com/Y6VTYdW,1505911386.0,179,0.93,37,CasualUK,[deleted]
71a8ki,Weird pigeon right?,,https://imgur.com/a/VbQzj,1505904521.0,59,0.96,60,CasualUK,iamwoodman
719rri,"The best, bloody bastard on British TV",,https://twitter.com/PunishedAd/status/909133003175153665,1505897228.0,96,0.98,24,CasualUK,ChapterWhatever
719ogd,Rural scene in Lincolnshire,,https://i.imgur.com/gcCAq3N.jpg,1505895661.0,67,0.92,12,CasualUK,kumquat_may
719maz,New restaurant in Ashton-u-Lyne gets stellar review.,,https://i.redd.it/1ioh108fwzmz.jpg,1505894647.0,91,0.96,98,CasualUK,[deleted]
719co9,"Doesn't seem very ""Yorkshire"" to me...",,https://i.imgur.com/yNEbeza.jpg,1505890355.0,497,0.96,94,CasualUK,oj81
712dg9,Peppa Pig jigsaw puzzle set,[deleted],https://i.redd.it/psh3z6uuttmz.jpg,1505821163.0,4445,0.9,74,CasualUK,[deleted]
7125oq,My fast food place has bouncers,,https://i.imgur.com/XYiJEfV.jpg,1505818316.0,143,0.99,69,CasualUK,kumquat_may
711ypa,Homemade Victoria Sponge with a Yorkshire Tea at my desk. I feel all British.,,https://imgur.com/a/tmkS8,1505815488.0,107,0.9,54,CasualUK,TjBee
70yuc9,I'll just put this here,,https://i.redd.it/ln1sqq315qmz.jpg,1505776471.0,162,0.88,57,CasualUK,gavingiant
70y51j,lol,,https://i.redd.it/f6k1391alpmz.jpg,1505769829.0,373,0.95,65,CasualUK,m202a1
70u6af,Charlie Brooker has had a hell of a career advancement from the early days,,https://i.redd.it/9oy1x71femmz.jpg,1505731368.0,1840,0.93,206,CasualUK,Ractrick
70u1ds,The only thing that reminds me we had a 'summer'...,[deleted],https://i.imgur.com/8t2oabJ.jpg,1505729334.0,106,0.95,19,CasualUK,[deleted]
70t7ih,"Looks like meat's back on the menu, boys!",,https://imgur.com/TkaftP3,1505715750.0,109,0.91,22,CasualUK,sdrawkcabsihtetorW
70qgu4,The guard on my train had a heart-shaped holepunch,,https://i.imgur.com/Qod9f4D.jpg,1505684329.0,162,0.98,28,CasualUK,abc_harold
70pskh,Real life problems...,[deleted],https://i.redd.it/mk9oxir80imz.jpg,1505678008.0,136,0.97,49,CasualUK,[deleted]
70p7od,The Queen Mother was a fan of Ali G,[deleted],https://i.imgur.com/Gg59IqR.jpg,1505672549.0,328,0.98,27,CasualUK,[deleted]
70nrbv,"My mum has framed photos of Danny Dyer, Bono, and Elvis in her room. What weird shit do your parents have in their homes?",,https://i.imgur.com/W6WP0jS.jpg,1505658355.0,69,1.0,51,CasualUK,ModerateDanger
70n8xv,Who else can't resist picking up conkers?,,https://i.redd.it/fsphpkqhufmz.jpg,1505651864.0,109,0.96,45,CasualUK,ed_menac
70n244,TIL,,https://i.redd.it/ah5s326gmfmz.jpg,1505649156.0,78,0.98,6,CasualUK,Gabrielmvfx
70myt6,I'm going to be living off these this winter,,https://i.redd.it/5p0zq655ifmz.jpg,1505647711.0,59,0.94,24,CasualUK,StardustOasis
70msx1,My dog contemplates life and it's relativity to the existence of rabbits.,,https://i.redd.it/s7nq1vpo9fmz.jpg,1505644865.0,67,0.93,16,CasualUK,-Bungle-
70mm7i,Just finished walking Hadrian's Wall. Northumberland National Park is honestly one of the most beautiful places I've ever been. Thanks for a fabulous week; I'm sure I'll be back for more.,[deleted],https://imgur.com/gallery/ghcfS,1505641435.0,56,0.97,14,CasualUK,[deleted]
70ivvi,My local SPAR doesn't sell Monster to Kids. mildly interesting.,,https://i.redd.it/jox0z8usramz.jpg,1505590422.0,232,0.99,94,CasualUK,MajesticTowerOfHats
70ibik,Meanwhile in Redcar...,,https://i.imgur.com/S2kV2NU.gifv,1505584667.0,489,0.99,34,CasualUK,ParrotSTD
70i506,And the winner of the 2017 Calippo Cup is...,,https://i.imgur.com/7HPazPy.jpg,1505582731.0,80,0.91,27,CasualUK,fxzgferc
70gn5b,I often forget how beautiful England is. As seen from my plane window very early this morning,[deleted],https://imgur.com/kEJ4xA6,1505565226.0,251,0.96,18,CasualUK,[deleted]
70g47a,A bus station in Northumberland.,,https://i.imgur.com/RQHaegf.jpg,1505556374.0,209,0.98,39,CasualUK,Chkldst
70fvn0,What flavours does it come in?,,http://imgur.com/8pIuOFq,1505551575.0,119,0.98,10,CasualUK,goldfishpaws
70fmw0,"Morning brothers and sisters. I'm enjoying a coffee under a blanket, what are you doing this morning?",,https://i.redd.it/ngkyx9zr57mz.jpg,1505546694.0,139,0.94,129,CasualUK,DoctorTrout
70dtep,Some posts from r/ScottishPeopleTwitter are pure gold,,https://i.redd.it/je6p0xzv05mz.jpg,1505520834.0,215,0.96,18,CasualUK,[deleted]
70dds2,Ainsley Harriott On Being A Living Meme,,https://www.youtube.com/watch?v=7SLv927dNgw,1505515915.0,60,0.97,15,CasualUK,TheNathanNS
70c5ew,"IMHO, Chester is one of the the prettiest cities in the UK",,https://i.imgur.com/Z9lp86P.jpg,1505503797.0,135,0.99,50,CasualUK,A_Computer_Guy
70brg7,"Officially became a UK Citizen an hour ago... I knew it would feel good, but I didn't know it would feel *this* good!",[deleted],https://i.redd.it/z0qlt20hb3mz.jpg,1505500201.0,1497,0.94,283,CasualUK,[deleted]
70b8z3,My local WHSmith bucks the trend of boring dingy stores,,https://gfycat.com/QuickNarrowAsp,1505495616.0,191,0.99,37,CasualUK,thetoastmonster
709ooh,MediaCityUK's White building was a phrasing accident waiting to happen (X-post /r/accidentalracism),,https://imgur.com/gallery/DrhW0,1505480572.0,120,1.0,9,CasualUK,CampGareth
7096xj,Despite what everyone says England has some cracking views compared to out American cousins. Just look at the view I got The Old Man of Coniston!,,https://i.redd.it/ouyh6g9v61mz.jpg,1505474438.0,340,0.97,36,CasualUK,Shhhhhsleep
7094fc,Fry up alignment chart,,https://imgur.com/r2czb74,1505473471.0,194,0.88,55,CasualUK,Maragil
708txo,My most missed sweet treat.,[deleted],https://i.redd.it/vnvj316lq0mz.png,1505468973.0,90,0.86,34,CasualUK,[deleted]
708jf6,I work at KFC. AMA.,"I'll try not to give away anything which could get me sacked. Ask any burning questions you've had...

EDIT: Thanks for all the questions! I'm going away for the weekend soon so I won't be able to answer any more.",https://www.reddit.com/r/CasualUK/comments/708jf6/i_work_at_kfc_ama/,1505463940.0,116,0.94,260,CasualUK,[deleted]
708dzf,Today is apparently National 4pm Finish day,,http://www.walesonline.co.uk/whats-on/whats-on-news/national-4pm-finish-day-friday-13621322,1505461227.0,72,0.95,51,CasualUK,GrumpyYoungGit
7051ks,Made to make your mouth water!,,https://i.redd.it/lyvfd5hbuwlz.jpg,1505421795.0,57,0.88,39,CasualUK,[deleted]
704x1q,I went to school with a guy who thought 'Shavers Only' was the name of the company that made bathroom power sockets,Just wanted to share,https://www.reddit.com/r/CasualUK/comments/704x1q/i_went_to_school_with_a_guy_who_thought_shavers/,1505420668.0,88,0.97,13,CasualUK,Nicksaurus
7045v7,English breakfast delivered. (x post r/pics),,https://i.redd.it/k1pfif2yiulz.jpg,1505413694.0,110,0.98,54,CasualUK,8luke
701lqx,We all know a roundabout that needs one of these...,,https://i.redd.it/o2zgs9o43ulz.jpg,1505388459.0,201,0.97,46,CasualUK,Mat74UK
7010d1,The new ¬£10 is out today,,https://i.imgur.com/4UueMnn.jpg,1505378939.0,4509,0.94,539,CasualUK,Crooklar
6zy4aw,Don't know why Peterborough has a Tourist Information Centre when we've got this slab..,,https://i.redd.it/wv0mf1hu8qlz.jpg,1505341967.0,91,0.97,21,CasualUK,JeffSergeant
6zxmn0,"Lincoln, right in the town centre",,https://i.imgur.com/8ewksKx.jpg,1505337309.0,187,0.95,7,CasualUK,[deleted]
6zxb1h,No one shared this Cornish beauty yet?,[deleted],https://i.redd.it/onjaekvhmplz.jpg,1505334392.0,57,0.88,5,CasualUK,[deleted]
6zx8g7,"Anyone else sick of those Nationwide ""poetry"" ads?",[deleted],https://www.reddit.com/r/CasualUK/comments/6zx8g7/anyone_else_sick_of_those_nationwide_poetry_ads/,1505333769.0,95,0.94,32,CasualUK,[deleted]
6zwjii,Anyone feeling hungry?,,http://s0.geograph.org.uk/geophotos/01/98/31/1983152_0a7b3fd7.jpg,1505327622.0,107,0.95,4,CasualUK,Wommie
6zwir5,"Nottingham, everyone.",,https://i.redd.it/4y1n02ls1plz.jpg,1505327447.0,117,0.93,8,CasualUK,seanymacster
6zvsq4,Hertfordshire's entry,,https://i.imgur.com/x3sdjQV.jpg,1505321170.0,633,0.97,30,CasualUK,ILOVEGLADOS
6zvf6a,Extremely pleased to see that Wallace and Gromit are getting the recognition they deserve.,,https://i.redd.it/ye5d6r779olz.jpg,1505317864.0,126,0.99,5,CasualUK,hotdynamites
6zvc5i,"Here's my contribution - Middlesbrough, 2008",,https://i.imgur.com/CJmWADi.jpg,1505317082.0,124,0.93,13,CasualUK,you_wanker
6zuhro,Sean Locke: British Hero,,https://www.youtube.com/watch?v=pdoyHFTzY28,1505308980.0,70,1.0,12,CasualUK,[deleted]
6zu0zm,Adjusted Signs. Here's on I did almost 20 yrs ago and it's still there...,,https://imgur.com/toHW0y4,1505303468.0,70,0.95,11,CasualUK,Mat74UK
6ztq41,This abomination.....,[deleted],https://i.redd.it/nizlfv6fpmlz.jpg,1505299080.0,348,0.98,80,CasualUK,[deleted]
6ztoqk,We're doing road sign wordplay? - Here's mine from 10ish years ago,,https://imgur.com/NaQyLPF.jpg,1505298439.0,139,0.97,10,CasualUK,GlockWan
6ztc5r,Feel sick,,https://i.redd.it/y8jaekr66mlz.jpg,1505292586.0,89,0.83,25,CasualUK,Aaronw94
6zt9lm,12 years ago today the England cricket team celebrated winning the Ashes by getting trollied in London. Here's Freddie Flintoff and Kevin Pietersen after a few...,,http://i1.mirror.co.uk/incoming/article5175462.ece/ALTERNATES/s615/England-cricketers-Andrew-Flintoff-L-and-Kevin-Pietersen.jpg,1505291248.0,233,0.97,28,CasualUK,_rickjames
6zpg9t,"So, bye bye York, it was nice knowing you...",,https://i.redd.it/feddy628cilz.jpg,1505246210.0,177,0.99,25,CasualUK,egvp
6znt4m,I saw a Spitfire being transported. I think I've fulfilled my allocation of Britishness for a month.,,https://i.imgur.com/WTMcuLv.jpg,1505231312.0,125,0.96,44,CasualUK,kenbw2
6zn5r3,The perfect lunch when travelling between York and Leeds at 1030am,,https://i.redd.it/jimky6bmlglz.jpg,1505225221.0,105,0.97,24,CasualUK,[deleted]
6zmj57,"Damn, CBeebies took a dark turn..",,https://i.redd.it/h78gjfdt0glz.jpg,1505218138.0,130,0.97,14,CasualUK,Bu5hyy
6zmj3f,This house has had a life size cardboard cutout of Andy Murray in the window for over a year.,,https://i.imgur.com/67wBcTh.jpg,1505218118.0,76,0.97,22,CasualUK,[deleted]
6zmhdj,Peterborough....it's just a better class of littering.,[deleted],https://i.imgur.com/3ig6sOv.jpg,1505217525.0,164,0.99,52,CasualUK,[deleted]
6zm4r3,Absolutely terrifying Princess Diana artwork in Chesterfield.,,https://i.redd.it/uha4p3ttjflz.jpg,1505212425.0,2551,0.96,121,CasualUK,skinner1889
6zlq0r,"On a walk, when the rain finally clears.",,https://i.redd.it/gwj1fvsxyelz.jpg,1505205489.0,336,0.97,16,CasualUK,Xuth
6zlpc5,September 12th. The traditional start of the Christmas Season,,https://imgur.com/UWo2txX,1505205126.0,75,0.93,38,CasualUK,HerrFerret
6zl8x0,A protest will be held in Cardiff against the rising price of Freddos,[deleted],http://www.walesonline.co.uk/whats-on/whats-on-news/protest-held-cardiff-against-rising-13603972,1505197577.0,174,0.97,53,CasualUK,[deleted]
6zhxxj,Bar in Leeds with customer reviews on the staff tshirts,[deleted],http://imgur.com/SiCb2dg,1505160514.0,221,0.96,56,CasualUK,[deleted]
6zgyel,So it begins...,,https://i.imgur.com/OJfb51V.jpg,1505151566.0,69,0.97,35,CasualUK,nabeshiniii
6zg4yx,Pimp my ride UK: Mondeo estate edition,,https://i.redd.it/vwemyoehw9lz.jpg,1505144102.0,72,0.97,17,CasualUK,ftoomch
6zeyd9,With Deepest Regret.,"It is with deepest regret that I announce the passing of /u/bell_whiff . As some of you may be aware [he was last seen heading off to modify the sub's Automoderator.](https://www.reddit.com/r/CasualUK/comments/6zeqne/casualuk_bots/dmunxec/?utm_content=permalink&amp;utm_medium=front&amp;utm_source=reddit&amp;utm_name=CasualUK)

Clearly Automoderator won.

RIP mate.

For reference the remaining Mod's will not be tampering with Automod again.

Please sign the Book of Condolences below.

EDIT : [POSSIBLE SIGHTING IN HONG KONG !!!](https://www.reddit.com/r/HongKong/comments/6zfmkb/how_many_of_you_think_an_rhongkong_equivalent_of/dmuty9g/?context=3)",https://www.reddit.com/r/CasualUK/comments/6zeyd9/with_deepest_regret/,1505131605.0,106,0.96,155,CasualUK,HPB
6zes21,Ikea instructions tell you to put this screw straight in the bin,,https://i.redd.it/ni46h2ndl8lz.jpg,1505129417.0,87,0.95,29,CasualUK,dazzlerdeej
6zek4g,An absolute peach from my hometown up north.,,https://i.redd.it/k17nexcte8lz.jpg,1505126015.0,216,0.97,83,CasualUK,KyleW17
6ze4s3,Ian Wright sees his childhood mentor who he had thought was dead,,https://www.youtube.com/watch?v=omPdemwaNzQ,1505118914.0,89,0.97,14,CasualUK,dustontheground
6zbokf,"""Premium crisps""",,https://i.redd.it/mx0b03ai35lz.jpg,1505085884.0,63,0.99,16,CasualUK,dellquaydory
6zagvo,"BBC asks a random man if he remembers a 1967 derby game, the man then replies: ""Yeah I do, I played in it""",,https://streamable.com/tzxir,1505073472.0,768,0.93,30,CasualUK,HarryGoLocky
6za52u,What's with all these anti-flatulence underwear adverts above urinals at motorway service stations?,,https://i.imgur.com/k0RzaF6.jpg,1505070225.0,51,0.95,32,CasualUK,DudeyMcSean
6z8vn2,"Hot deal of Irn Bru in Superdrug lads, get it quick!",,https://imgur.com/9xeNZkX,1505057782.0,146,0.97,10,CasualUK,DorothyJMan
6z8crj,Who the fuck leaves a TV in an underpass?,,https://i.redd.it/hg7cbzcba2lz.jpg,1505051853.0,83,0.99,35,CasualUK,StardustOasis
6z5dy9,There isn't a title in the world that could describe the emotions that this image made you feel,,https://i.redd.it/tf75k8cgdykz.jpg,1505004465.0,59,0.92,49,CasualUK,Lovexxy
6z3tux,Rarer than rocking horse shit.,,https://i.redd.it/ln5m7rl5xwkz.jpg,1504986881.0,73,0.97,32,CasualUK,[deleted]
6z3pgk,Orphanage ahead?,,https://i.imgur.com/uzao7Fx.jpg,1504985614.0,517,0.97,10,CasualUK,kenbw2
6z36oi,The job adverts on UK Craigslist paint a depressing picture.,,https://i.redd.it/joir8d4bdwkz.png,1504980275.0,70,0.95,51,CasualUK,abadoldman
6z345k,"Currently in Hyde Park watching Steps perform Tragedy, what a day",I'm also drinking prosecco hooray,https://www.reddit.com/r/CasualUK/comments/6z345k/currently_in_hyde_park_watching_steps_perform/,1504979572.0,47,0.94,13,CasualUK,sadfootballfan
6z2rt6,This is why BT Sport sucks. GIVE ME THE CLOCK!!!,,https://imgur.com/lisdXFT,1504976029.0,200,0.97,51,CasualUK,KumaLumaJuma
6z2ozc,Spotted in Southend today. Anyone who names their child this should be locked up.,,https://imgur.com/7iNcBSu,1504975212.0,60,0.93,16,CasualUK,TheGreatBatsby
6z27uv,The Great Escape,,https://twitter.com/PoetsCornerUK/status/906265253637390337,1504970179.0,148,0.96,21,CasualUK,UKTomm
6z1zxu,The Red Arrows fly over my house!!!,,https://youtu.be/K0T3FbMDoCY,1504967711.0,58,0.95,12,CasualUK,goldhuntPI
6z0ulm,Our final day together this summer. It's been beautiful...,,https://imgur.com/4ObfZRg,1504949713.0,324,0.92,32,CasualUK,_rickjames
6z0ren,A sunny St Neots. Makes me want to buy a boat.,,https://i.redd.it/fkt04jilptkz.jpg,1504948027.0,148,0.96,35,CasualUK,SlimpyJones
6z0oyn,Are you a hoarder or a minimalist?,"Mrs tmstms and I are both hoarders- I am a second-generation hoarder.

Mrs tmstms is a minimalist in her head, but a hoarder IRL.

So we are always tidying. That means I move stuff from one room into cupboards or hide it in another room. As soon as normal life resumes, everything is messy again.

I see someone wrote a book called Spark Joy who actually makes a living helping people throw crap out.

We have a garage and loft full of crap that we cannot bear to throw out.

I want to hear how you lot are with this issue of hoarding v minimalism; tidy v messy.",https://www.reddit.com/r/CasualUK/comments/6z0oyn/are_you_a_hoarder_or_a_minimalist/,1504946639.0,52,0.91,83,CasualUK,tmstms
6yxzkt,Hello my friends.,"^^^I ^^^have ^^^been ^^^reading ^^^this ^^^reddit ^^^since ^^^the ^^^spring.

^^^I ^^^like ^^^it.

^^^I ^^^will ^^^be ^^^hibernating ^^^in ^^^a ^^^month's ^^^time.


^^^I ^^^will ^^^miss ^^^all ^^^of ^^^my ^^^friends ^^^here.",https://www.reddit.com/r/CasualUK/comments/6yxzkt/hello_my_friends/,1504908664.0,101,0.93,44,CasualUK,Timid_Hedgehog
6ywpt4,I think this puppet looks like Lee Mack. Anyone have any other object lookalikes?,,https://i.redd.it/k5hk6ojqfpkz.jpg,1504896271.0,55,0.94,23,CasualUK,thesaltwatersolution
6yvcjt,I am a complete idiot.,"My branch of the company I work for didn't do too well this year, so early this week there was a little meeting about how a few perms were being let go to streamline the office environment.

So what did I do shortly afterwards? End up complaining to HR that my current pay was no where near competitive based on my experience and qualifications.

Guess who just volunteered themselves for being let go next?",https://www.reddit.com/r/CasualUK/comments/6yvcjt/i_am_a_complete_idiot/,1504883331.0,68,0.96,22,CasualUK,Dexontronox
6yuz30,"One of my favourite things about dogs on trains is the steady stream of people who say, ""Excuse me"", to the dog when trying to get past.",,https://imgur.com/a/aWMMl,1504879605.0,107,0.99,12,CasualUK,Jaedee
6yub98,The perfect accompaniment to a sandwich,,https://i.imgur.com/ymaMcgh.jpg,1504872018.0,215,1.0,20,CasualUK,Doe_Ray_EGON
6ytitd,I hiked the Yorkshire Three Peaks yesterday - all for this view,,https://imgur.com/HnmpYii,1504859292.0,410,0.99,37,CasualUK,spinynorman1846
6ythlx,All this back to school stuff got me nostalgic..,,http://imgur.com/cKcRbAQ,1504858665.0,196,1.0,89,CasualUK,[deleted]
6ytdjc,The BT engineer just turned up to install a new line...,[deleted],https://www.reddit.com/r/CasualUK/comments/6ytdjc/the_bt_engineer_just_turned_up_to_install_a_new/,1504856698.0,2678,0.93,350,CasualUK,[deleted]
6yq423,On todays headlines:,,https://i.redd.it/5mrg0njhzikz.jpg,1504818169.0,100,0.99,13,CasualUK,Gekey14
6ypf3l,"I present to you, Terry's chocolate and Nutella tear and share bread",,https://i.redd.it/mrafyqxjgikz.jpg,1504811800.0,92,0.94,16,CasualUK,[deleted]
6yoz11,I like this sign at my local...,[deleted],https://imgur.com/eZY9VrV,1504807722.0,390,0.99,35,CasualUK,[deleted]
6ynk0o,Just taking the Messerschmitt for a stroll around the M25.,,https://imgur.com/a/4sh8B,1504794656.0,78,0.97,13,CasualUK,[deleted]
6ymwzu,I've got mini Colin the Caterpillars!,,https://i.redd.it/a0owpzkqggkz.jpg,1504787693.0,151,0.97,29,CasualUK,Kouyate42
6ylsys,"Being taller than average, I like to think of this time of year as Spiderwebs In My Face season.",,https://www.reddit.com/r/CasualUK/comments/6ylsys/being_taller_than_average_i_like_to_think_of_this/,1504770655.0,61,0.95,29,CasualUK,drumbago
6ylrk6,No luck catching them swans then?,,https://i.redd.it/946vxnb40fkz.png,1504769982.0,304,0.99,21,CasualUK,FuzzedLogic
6ykey2,You know it to be true,,https://i.redditmedia.com/IuNKruNamKV9ibUA-g5eDiKWGrBG3RA2aiy7fzbSRNM.jpg?w=960&amp;s=33b1a363fdd457547631b45236c08605,1504751571.0,908,0.95,129,CasualUK,Brogie
6yhpkr,This thing at Crewe Station looks a bit like a smiley face,,https://i.redd.it/sbrxiukr8bkz.jpg,1504724471.0,118,0.98,14,CasualUK,MellotronSymphony
6yha4w,"Autumn is here, people! The Aga man came, serviced the beast, and lit it. Yes, that's our bar on the left....",,https://i.redd.it/uny3tu19xakz.jpg,1504720562.0,59,0.88,39,CasualUK,misplacedfocus
6ygywr,BBC News in pidgin english,,https://www.bbc.com/pidgin,1504717726.0,106,0.96,40,CasualUK,C1t1zen_Erased
6ygd65,A sign I passed in a pub.,,https://imgur.com/y0LcYw9,1504712247.0,492,0.97,15,CasualUK,LauraRawr
6yf541,So fed up... Tyre slashed.,"Girlfriend has had a tyre slashed last night. No reason we can think of just mindless vandalism. No point claiming, no point reporting. Money is tight and now we don't just have a tyre to replace but also she's going to have to lose hours at work to get it sorted. There's no fucking justice in this world, and someone can basically do this with utterly no repercussion while costing us a bomb we can't afford.",https://www.reddit.com/r/CasualUK/comments/6yf541/so_fed_up_tyre_slashed/,1504698729.0,76,0.96,82,CasualUK,ikkleste
6yejbk,You can find some amazing things at UK service stations.,,https://i.imgur.com/bNvLKaQ.jpg,1504689328.0,154,0.96,33,CasualUK,losimagic
6ye57q,"Roundabouts, see, it's not difficult.",,https://i.redd.it/c3vuuz71s7kz.jpg,1504682481.0,359,0.97,121,CasualUK,Harry_monk
6ydzoy,As a regular motorway driver please comply and obey citizens.,,https://imgur.com/GslWoDQ,1504680043.0,292,0.93,209,CasualUK,HPB
6ybgrk,B&amp;Q smashing the end of summer deals,,https://imgur.com/qmjDcKW,1504650285.0,73,0.97,7,CasualUK,situbusitgooddog
6yahpn,"""You are now leaving civilisation""",,https://i.imgur.com/lO1FXAI.jpg,1504641117.0,91,0.97,37,CasualUK,CheeseMakerThing
6ya854,That's going to be an awkward family dinner,,http://i.imgur.com/rewox11.jpg,1504638757.0,114,0.97,8,CasualUK,Hassaan18
6ya2ct,13 policemen withstanding the flow [x-post from /r/oddly satisfying],,https://i.redd.it/woru2lcoy1kz.gif,1504637306.0,99,0.96,17,CasualUK,HarryGoLocky
6ya0xt,ready for hurricane irma?,,https://imgur.com/TENcPXt,1504636953.0,79,0.95,0,CasualUK,109InTheSkyWithPigs
6y9sr9,Alcohol sold in WHSmith is seemingly only intended for ornamental purposes.,,https://i.imgur.com/Bk0ai01.jpg,1504634882.0,242,0.98,22,CasualUK,Doe_Ray_EGON
6y9nl4,"Lads, I've hit the motherlode.",,https://imgur.com/ty0fIkr,1504633594.0,425,0.99,47,CasualUK,Mred12
6y9jra,That feeling when you leave your daughter on a train platform,,http://i.imgur.com/eDj1S4d.jpg,1504632652.0,1342,0.98,50,CasualUK,Hassaan18
6y9i2y,Slow service,,https://i.imgur.com/s3TAgZt.jpg,1504632253.0,2091,0.95,37,CasualUK,Hassaan18
6y958d,Please drive carefully,,http://imgur.com/uinte7E,1504629136.0,67,0.95,15,CasualUK,Nerdikki
6y8tgq,"The quaint village of Mousehole, in the heart of Cornwall.",,https://i.redd.it/ba25f58v43kz.jpg,1504626265.0,87,0.97,41,CasualUK,Ryuk_void666
6y7e9y,The consistency of British temperature,,https://i.redd.it/eepxqsjiw1kz.png,1504611413.0,73,0.97,48,CasualUK,Chewbacker
6y7a38,The peacocks bring their kids to watch us work like it's a trip to the human zoo,,https://i.redd.it/vmdntojyr1kz.jpg,1504609818.0,180,0.97,26,CasualUK,third_king
6y6k8h,Caught a nice pic of my friend in Liverpool yesterday.,,http://imgur.com/nA46aZX,1504598413.0,141,0.96,12,CasualUK,PhysicsHelp
6y3ahv,So we've got these new electronic signs in Telford....,[deleted],https://imgur.com/AGoedMW,1504560179.0,678,0.98,46,CasualUK,[deleted]
6y1qan,Anyone else get offended when there is no English English option?,,https://i.redd.it/v72obgrlhwjz.png,1504545824.0,278,0.95,37,CasualUK,thearguablepear
6y16bx,Benadryl Cumquat üòÇ,,https://i.redd.it/svgq921t2wjz.jpg,1504540821.0,128,0.86,15,CasualUK,[deleted]
6y0u41,I was told to post this here. Sunrise in Worcestershire this morning looked like an alien invasion.,,https://i.redd.it/bwcjtez1tvjz.jpg,1504537552.0,130,0.97,20,CasualUK,Amythe5th
6y0shq,Google's top searches by Europeans about the UK in 2016 (x-post r/europe),,https://i.redd.it/otmsbhbsrvjz.jpg,1504537115.0,353,0.97,184,CasualUK,Pizzadrummer
6y0e5l,Piss off with your cloying try-hard bollocks,,https://i.imgur.com/SdbMlpd.jpg,1504532724.0,860,0.95,90,CasualUK,loudribs
6y0chc,I only nipped in the shop for a sandwich,,https://i.imgur.com/VGU3tSz.jpg,1504532152.0,338,0.98,73,CasualUK,BedSideCabinet
6y039t,I believe we are in to stage two of our binary season system.,,https://i.redd.it/9vhi92t93vjz.jpg,1504528944.0,182,0.89,40,CasualUK,[deleted]
6y00qi,[x-post Food] The Yanks Have Taken To Ruining Fish &amp; Chips,,https://www.reddit.com/r/food/comments/6xwpsf,1504527987.0,85,0.91,104,CasualUK,MCFCOK
6xzyj7,"Boy, 5, finds fucking python in toilet - BBC News",,http://www.bbc.co.uk/news/uk-england-essex-41122975,1504527148.0,69,0.94,21,CasualUK,Toasterfire
6xzr2r,Newcastle restaurant puts Yorkshire Pudding pizza on the menu - any takers?,,http://www.chroniclelive.co.uk/whats-on/food-drink-news/rub-smokehouse-yorkshire-pudding-pizza-13563470,1504524133.0,63,0.9,48,CasualUK,MattyFTM
6xz8et,You have reached your destination.,[deleted],https://i.imgur.com/sCXqhkP.jpg,1504515470.0,125,0.96,17,CasualUK,[deleted]
6xuat9,"It's been over 10 years since this brilliant advert was released, I feel old",,https://youtu.be/SP8E6ouSiC0,1504457982.0,78,0.89,28,CasualUK,Carta_Blanca
6xsdh4,I often wonder if other countries look upon us as cultured folk... and then watch this. (I wonder where she is now),,https://youtu.be/waL5Cf-CFJU,1504433116.0,76,0.98,18,CasualUK,chilejon
6xsb47,Took a stroll over the new Queensferry Crossing today,,https://imgur.com/a5GLKWq,1504431952.0,108,0.97,6,CasualUK,hutchero
6xsag9,Spent the morning making a beer display at work,,https://i.redd.it/9nhwcdmy1njz.jpg,1504431595.0,10589,0.93,349,CasualUK,StardustOasis
6xpl1n,Low-key luxuries you notice in other people's houses.,"You know those little things you notice that makes you think 'this person has their shit together?' Here are a few of mine:

* A fridge that dispenses ice/water.

* Toilet has a powerful flush / Bathroom has good water pressure in general.

* They use their garage for a car instead of boxes of stuff they don't actually want.",https://www.reddit.com/r/CasualUK/comments/6xpl1n/lowkey_luxuries_you_notice_in_other_peoples_houses/,1504392924.0,81,0.98,129,CasualUK,AGeary
6xm1m1,A pint with a view,,https://i.imgur.com/DyZfP9d.jpg,1504360390.0,94,0.99,16,CasualUK,VoodooAction
6xlnbk,That is all.,,https://i.redd.it/y0a5ql9esgjz.jpg,1504355717.0,259,0.96,32,CasualUK,Essexboyz123
6xld35,Cat,[deleted],https://imgur.com/yqcR4KD,1504351888.0,68,0.97,12,CasualUK,[deleted]
6xl6cv,One of Bradford's best beer gardens,,https://i.pinimg.com/originals/be/b5/b7/beb5b795c9c439ce159726e2bfb1e00c.jpg,1504349367.0,540,0.98,39,CasualUK,circleinthesquare
6xkn1r,One of Bristol's best beer gardens.,,https://imgur.com/UwUxmUy,1504341081.0,3222,0.95,104,CasualUK,GavidPisscabbage
6xkesf,Had a nice long chat with the Microsoft tech support line,Got a phone call from a nice lady explaining I had a problem with my computer. She tried to help but I had some problems following her instructions so in the end she put me through to a senior chap. He explained the stopped processes on my PC indicated I had a virus. I felt we were making progress but he sounded as though he was getting more and more frustrated at my slowness and inability to follow simple instructions. They were both being helpful so didn't like to mention I have 35 years working in IT.  In the end he just hung up. How rude!,https://www.reddit.com/r/CasualUK/comments/6xkesf/had_a_nice_long_chat_with_the_microsoft_tech/,1504337121.0,82,0.98,21,CasualUK,nick9000
6xhz18,A chocolate bar bumps into George Michael,careless whispa ,https://www.reddit.com/r/CasualUK/comments/6xhz18/a_chocolate_bar_bumps_into_george_michael/,1504304878.0,61,0.91,6,CasualUK,UnexpectedGenocide
6xhenl,This geezer has been staring at me all night,,https://imgur.com/ZIghA36,1504299354.0,65,0.92,3,CasualUK,[deleted]
6xgtvc,Shout out to the kid who managed to drop their ice cream in the exact shape of a penguin.,,https://i.redd.it/w1q6pulhobjz.jpg,1504293912.0,65,0.92,15,CasualUK,PhoneySoprano
6xg6x6,What London station you need to get to various parts of the UK (xpost from /r/MapPorn) is,,https://i.redd.it/ao1gq02ry9jz.jpg,1504288059.0,453,0.98,68,CasualUK,HarryGoLocky
6xepb7,Following on from U/BellWhiff's post about twitter and footballers.,,https://i.redd.it/4oufp6bm2ajz.png,1504274431.0,106,0.97,3,CasualUK,Aaronw94
6xe744,"Found at Sainsbury's, not your usual flavour.",,https://imgur.com/VVfigKC,1504268946.0,62,0.88,19,CasualUK,TopPlaceWin93
6xdxq7,"Been away for 7 years, days like this make me glad to be back in england","I worked abroad in Asia, came back last week and it's lovely. The temperature is perfect, there's clear blue skies and all I can hear in my village are people trimming hedges or doing DIY. Maybe I'm imaging it but the air is sweeter?  you can smell the wood and the grass. ",https://www.reddit.com/r/CasualUK/comments/6xdxq7/been_away_for_7_years_days_like_this_make_me_glad/,1504265508.0,89,0.97,26,CasualUK,windupcrow
6xd5kd,"Even though I respect people's food preferences, I get mad when someone ruins pizza for me.",,https://i.redd.it/ls6ahnzib8jz.jpg,1504253189.0,103,0.88,164,CasualUK,[deleted]
6xagz6,The pinnacle of tat (x-post r/trashy),,https://i.redd.it/ymzotu6lk5jz.jpg,1504219915.0,85,0.97,16,CasualUK,Edward_Strange
6x8lhn,Off to the pub it is then boys and girls!,,http://i.imgur.com/t7gWxty.jpg,1504203177.0,108,0.98,8,CasualUK,Hhhhhhhhuhh
6x7ymv,This is how you do a beer garden,,https://i.redd.it/kn6blrm8p3jz.jpg,1504197267.0,296,0.98,26,CasualUK,hunty91
6x78dc,Coffee Shop Owner Defends No Children Policy - BBC News,,http://www.bbc.co.uk/news/uk-england-devon-41100226,1504190157.0,69,0.98,63,CasualUK,yungheezy
6x6kjh,Thames Valley Police bringing the deadline day banter.,[deleted],https://i.redd.it/1klsre36i2jz.png,1504182814.0,164,0.98,8,CasualUK,[deleted]
6x6h3m,The Gym Types,"Now I am a man who is striving for physical excellence. I'm not, that's a lie, but I like to hit up the gym erry day so that I can drink and eat as much as I want on the weekends. 
 
Having trained in 10 or so different gyms in the past few years, I'm pretty certain that every gym has the same cohort.  
 
__________________________________________________ 
**Big fucking Dan** 
 
Big fucking Dan is am absolute unit. He's usually called Dan, or Ben, basically any one syllable name that makes it easier for him to spell. He's at least 6 foot 10 and weighs about 20 stone in rippling muscle. Doesn't matter if you go to the gym at 7am or 10pm the following day, Big fucking Dan will be there with that horrifying red face and tribal tattoo.  
 
BFD will often be curling the 50kg dumbbells and then just leave them lying around, which causes you much embarrassment when you're unable to pick them up to take them back to the rack. Cheers Dan, you gimp.
 
*N.B. more often than not, BFD will have thin legs as he only works out the glamour muscles*.  
 
__________________________________________________ 
**Instagram Imogen** 

She's the one in the sports bra and waist high leggings. She's thin, ripped and has an arse that could crush a walnut as she spends 10 hours a day in the squat rack, only stopping to take more side angle photos with the pouty lips and arse sticking out. We all would if we could, Imogen. 
 
*N.b. She's the sort who will have on her Tinder bio ""not interested if all your photos are you in the gym"", while all of her photos are of her in the gym*. 
__________________________________________________ 
**Punchbag Pete** 
 
My favourite gym member, Punchbag Pete is a 40 year old accountant with a beer belly and heavily receding hairline who will spend the entire session hitting the punchbag at penis height. He uses no boxing techniques, he barely moves his feet but he's punching that bag with a mean right hook, most likely pretending it's one of his clients.  
 
*N.b. PP only stops punching to occasionally sob into his gloves* 
 
__________________________________________________ 
**Angry Andrew** 
 
Well known for his catchphrase, ""Are you using that mate?"". Andrew will wait for you to get a bench, bring your dumbbells over (massive ones if you're a beast like me) before approaching you to ask ""You using this bench mate?"". I'm fucking sat on it Andrew, of course I'm fucking using it. He'll then skulk away muttering under his breath. 
 
*N.b. wait for Andrew to get into his car, post session and slide into the passenger seat. ""You driving this car mate?"", you ask cheekily.* 
 
*N.b.b. I am not responsible for any injuries you may receive* 
 
__________________________________________________ 
**Cardio Colin** 
  
He just runs. He runs and he runs and he runs. You get into the gym and he's running on the treadmill. You leave the gym an hour later and he's still running. He's basically a human hamster, running from the woes in his life. 
 
*N.b. He's usually wearing a really short pair of short shorts; the older Cardio Colin is, the more likely it is that his bollocks will be slapping the inside of his legs as he runs.* 
 
__________________________________________________ 
**Protein Paul** 
 
He's usually a stick thin wee lad, curling 5kg dumbbells (often in the squat rack) before bleating on about all the protein he has each day. All the eggs, all the shakes, all the bars, he's an animal who lives for the protein. Clearly doing it wrong there Paul, I've seen you in here for the past 6 months and you haven't gained a pound. 
 
*N.b. maybe he's actually Cardio Colin on the sly, which would explain the huge calorie deficit*. 
__________________________________________________ 
Any regulars you see in every gym that we can add to the list?",https://www.reddit.com/r/CasualUK/comments/6x6h3m/the_gym_types/,1504181604.0,202,0.96,112,CasualUK,[deleted]
6x5ttz,A rant regarding modern day trendy burgers,"Call me crazy but I was under the impression that a burger was something you could hold in your hand a take a bite out of.

Why, as of late, are trendy establishments insisting on serving ridiculous towers of food that could very loosely fall into the definition of ""burger""? 

What is the obsession with brioche? 

Where the hell are my sesame seeds?

Since when did a burger patty more resemble a fist than a disc?

Is this some sort of snobbery at work? Fast food places and take aways now seem to be the only establishments that sell burgers you could hold in one hand and take a bite out of; has the great wave of gentrification decided that burgers which are in any way practical are some sort of disgusting food of the prole?

Come on. Those single squares of cheese you get in chippys and McDonalds are not infected with fucking smallpox. When they melt they're delicious. Get over yourself.

Who else still appreciates a big round, thin patty with shitty ""cheese"" on it served in a slightly toasted seeded bread bun? Holy shit look at that, I don't even need a skewer to stop it falling over. 

**The very fact that it's even possible for a burger to ""fall over"" should concern us all.**

And yes, I am willing to plant my flag and die on this hill.",https://www.reddit.com/r/CasualUK/comments/6x5ttz/a_rant_regarding_modern_day_trendy_burgers/,1504171677.0,311,0.95,259,CasualUK,TheJungleVIP
6x11o8,"This is what it's come to, the absolute pinnacle of tat",,http://i.imgur.com/2vPX7LK.jpg,1504116757.0,143,0.97,22,CasualUK,MonstersEatPeople
6x02ad,Unexpected car theft experience after Creamfields.,[deleted],https://i.redd.it/w5mpng34dwiz.jpg,1504108505.0,133,0.97,25,CasualUK,[deleted]
6wyxze,"Totally fucked my job interview today, my self confidence hasn't been this low in a while.",[deleted],https://www.reddit.com/r/CasualUK/comments/6wyxze/totally_fucked_my_job_interview_today_my_self/,1504097723.0,88,0.95,34,CasualUK,[deleted]
6wylam,A month and six days for this...,,https://i.redd.it/fwcag0hj5viz.png,1504093788.0,1235,0.96,55,CasualUK,BenAbyss
6wy7go,My train is delayed because they 'couldn't find the driver',Does anyone know where you can find new drivers?,https://www.reddit.com/r/CasualUK/comments/6wy7go/my_train_is_delayed_because_they_couldnt_find_the/,1504088444.0,80,0.98,38,CasualUK,Marbly
6wxbqo,Terry Pratchett's unfinished novels destroyed by steamroller,[deleted],https://www.theguardian.com/books/2017/aug/30/terry-pratchett-unfinished-novels-destroyed-streamroller,1504074285.0,111,0.95,19,CasualUK,[deleted]
6wud6q,The new plane in GTAV looks very familiar,[deleted],https://i.redd.it/b1tgg7eguqiz.png,1504041646.0,248,0.98,30,CasualUK,[deleted]
6wrhlq,"For those days when you just have to smell like a classic, English cake.",,http://i.imgur.com/6ZiPqXG.jpg,1504016135.0,189,0.99,48,CasualUK,losimagic
6wqkuq,Easily my favourite IT crowd episode.,[deleted],https://i.redd.it/9y3q8vm1wniz.jpg,1504005846.0,138,0.95,58,CasualUK,[deleted]
6wn1sx,Not sure if I approve of the way Hovis is slicing it's bread now.,,https://i.redd.it/3z96xb8j4kiz.jpg,1503960278.0,118,0.97,36,CasualUK,pooley182
6wmdtr,TIL there is a charity that hand-knits breast prostheses for women who've had mastectomies. Its name... Knitted Knockers,,https://www.knittedknockersuk.com/,1503954105.0,78,0.98,11,CasualUK,JakeGrey
6wls07,It's a wonderful time to be British,[deleted],https://imgur.com/El0GAmx,1503948764.0,412,0.94,78,CasualUK,[deleted]
6wkp0j,Is anyone else unreasonably attracted to the Australian woman in the Trivago adverts?,I don't know why. I have to stop and watch her ramble about some online service I'll never even use every time she comes on.,https://www.reddit.com/r/CasualUK/comments/6wkp0j/is_anyone_else_unreasonably_attracted_to_the/,1503939372.0,75,0.9,34,CasualUK,Nicksaurus
6wk7fe,Undercover Police Raver Alert! This is how you keep good public relations!,,https://youtu.be/q36GzKBEz4c,1503935080.0,58,0.95,8,CasualUK,m202a1
6wjdup,I'm pretty sure that pleasant weather on a bank holiday is a sign of the apocalypse.,"I've had a walk in the park and everything, it's deeply unsettling. ",https://www.reddit.com/r/CasualUK/comments/6wjdup/im_pretty_sure_that_pleasant_weather_on_a_bank/,1503926949.0,54,0.94,15,CasualUK,berober04
6wjc5t,Turn you alarms back on if you turned them off.,[deleted],https://www.reddit.com/r/CasualUK/comments/6wjc5t/turn_you_alarms_back_on_if_you_turned_them_off/,1503926431.0,132,0.97,29,CasualUK,[deleted]
6wf9y6,"Dear whoever mentioned custard slices in this subreddit- damn you. Love, someone who had never eaten one, decided to try them and now feels guilty for eating three.",Worth it though. :) ,https://www.reddit.com/r/CasualUK/comments/6wf9y6/dear_whoever_mentioned_custard_slices_in_this/,1503873228.0,67,0.97,11,CasualUK,Kouyate42
6wewhk,Coronation Street is getting a tad rough.,,https://i.redd.it/65z99w4zlciz.jpg,1503869283.0,161,0.98,21,CasualUK,twoshillings
6wee6k,My disrespectful cat,,https://i.redd.it/8pahux4d6ciz.jpg,1503864085.0,141,0.95,17,CasualUK,extremesalmon
6wdpxj,stay classy poundland,,http://i.imgur.com/Cy6F3M6.jpg,1503857437.0,201,0.98,24,CasualUK,wonderfuladventure
6wckal,We've all been there.,,https://imgur.com/ciKpxg3,1503845579.0,447,0.99,12,CasualUK,TopPlaceWin93
6wcj6s,"Having to say ""Buuuuuuurming'um"" when someone says they're from Birmingham.",Any other places you have to do that for?,https://www.reddit.com/r/CasualUK/comments/6wcj6s/having_to_say_buuuuuuurmingum_when_someone_says/,1503845204.0,206,0.98,84,CasualUK,[deleted]
6wc60w,Got lost in Sainsbury's trying to get to the next floor up,,http://i.imgur.com/Mlx4IhD.jpg,1503840607.0,395,0.95,13,CasualUK,seanbear
6wbby2,Let's take a moment to appreciate the marketing genius at Morrisons describing these potatoes.,,https://imgur.com/mGe8Qa9,1503826007.0,1434,0.94,67,CasualUK,ClintonLewinsky
6w704h,Seen in a toilet in Scotland.,,https://i.redd.it/0bj7ezohf4iz.jpg,1503770250.0,82,0.96,22,CasualUK,[deleted]
6w6njg,Sweets have changed a bit since I was young...,,https://i.redd.it/ndg65sw354iz.jpg,1503766774.0,85,0.96,22,CasualUK,[deleted]
6w69d8,Richard Madeley is actually Alan Partridge..,,https://streamable.com/8zge1,1503762600.0,73,0.93,15,CasualUK,[deleted]
6w4ryk,Queueing at Lidl at 7am because prosecco's on offer for the bank holiday,,http://imgur.com/MeeGOIE,1503741741.0,2504,0.94,300,CasualUK,Nerdikki
6w48my,"This is your alarm warning, Monday is Bank Holiday",[deleted],https://www.reddit.com/r/CasualUK/comments/6w48my/this_is_your_alarm_warning_monday_is_bank_holiday/,1503730904.0,77,0.89,22,CasualUK,[deleted]
6w1tmz,New girl behind the bar didn't know what an ale was.,"""I'll have the sharps pale ale please""

""Whaaa? What's that""

""It's the blue ale over there...""

""ale?""

She then walks off for a minute then comes back with it. A friend on the other side of the bar heard her asking another bar maid what an ale is.",https://www.reddit.com/r/CasualUK/comments/6w1tmz/new_girl_behind_the_bar_didnt_know_what_an_ale_was/,1503699784.0,75,0.97,61,CasualUK,siacadp
6vxofo,"When I was six, my sister was half my age. Now I'm 70, how old is she?",,https://m.youtube.com/watch?feature=youtu.be&amp;v=jrKjNJQTBCE,1503658163.0,169,0.96,46,CasualUK,CineArma
6vx9lv,The /r/CasualUK controversial opinions thread.,Don't forget to upvote the controversial ones! No hating in this thread!,https://www.reddit.com/r/CasualUK/comments/6vx9lv/the_rcasualuk_controversial_opinions_thread/,1503651258.0,63,0.92,660,CasualUK,[deleted]
6vx1ne,I can think of a few worse places to work on a Friday morning,,https://imgur.com/gallery/xOvmD,1503647302.0,60,0.96,23,CasualUK,HarryGoLocky
6vwpef,"Airport knives, man...",,https://imgur.com/h0lTqoO,1503641618.0,409,0.96,91,CasualUK,BinsterUK
6vtyz5,"I really, really, really want a Highland cow...",,https://i.redd.it/ra0y57vt5rhz.jpg,1503609642.0,94,0.94,49,CasualUK,Kouyate42
6vtsum,Smeeeeeeeeee Heeeeeeeeeeee,,http://imgur.com/cD6k0XK,1503608116.0,297,0.94,93,CasualUK,QuoyanHayel
6vsw89,River Island have started selling Beetlejuice Cosplay,,http://i.imgur.com/sBAFlLG.jpg,1503600056.0,121,0.96,13,CasualUK,springloadednadsack
6vrwgh,This came as a bit of a surprise,[deleted],https://i.redd.it/ijm1bcfxmphz.png,1503591260.0,214,0.98,30,CasualUK,[deleted]
6vqda2,"I just got asked for I.D. in HMV, and I showed the guy the picture of my GCSE results letter on my snapchat story. he said that was fine.",[deleted],https://www.reddit.com/r/CasualUK/comments/6vqda2/i_just_got_asked_for_id_in_hmv_and_i_showed_the/,1503575965.0,212,0.97,73,CasualUK,[deleted]
6vq9fz,A real Crapper,[deleted],http://i.imgur.com/i2MdVbF.jpg,1503574705.0,130,0.95,12,CasualUK,[deleted]
6vq77z,Radio 4's Shipping Forecast reaches 150 years old,,http://www.bbc.co.uk/news/av/uk-41030909/radio-4-s-shipping-forecast-reaches-150-years-old,1503573950.0,61,0.96,11,CasualUK,keef2000
6vq5bs,Dodgy tradesmen or DIY nightmares,,https://i.redd.it/7rr7502r5ohz.jpg,1503573266.0,62,0.92,11,CasualUK,paralympiacos
6vq0gn,Now you can have Burgers even without buns!,,https://imgur.com/gallery/sHfJD,1503571383.0,92,0.98,39,CasualUK,HarryGoLocky
6vpzjm,I DID IT. I'm putting this on my CV.,,https://i.redd.it/erkpdty2znhz.jpg,1503571020.0,289,0.96,33,CasualUK,[deleted]
6vpplw,Essex looks a lot nicer when you're 5000ft above it and its covered in cloud,,http://i.imgur.com/tJz3aqk.jpg,1503566786.0,649,0.95,67,CasualUK,thearguablepear
6voz3q,"Morrisons always has the best deals. Don't worry, I stocked up.",,https://imgur.com/vb9PFFP,1503555086.0,198,0.95,36,CasualUK,1966batmobile
6vljxm,Got to Tesco at the right time!,,https://i.redd.it/pg50i57xljhz.jpg,1503518166.0,265,0.98,80,CasualUK,cryptus
6vk7uu,Has science gone too far?,,https://i.redd.it/dfzrtksknihz.jpg,1503506617.0,238,0.97,51,CasualUK,CaptainBenbo
6vj3w8,How fucking much?,,http://imgur.com/s1kWxAq,1503496467.0,126,0.97,27,CasualUK,[deleted]
6vivm5,"Ah, now for a nice box of 50% air. Thanks Sainsbury's!",,https://i.redd.it/hl1tf36amhhz.jpg,1503494158.0,479,0.97,74,CasualUK,RizzoTheSmall
6viala,"Of all of the places you can park, why would you park on someones grave -_- (Loughborough Cemetery)",,http://www.pladstoke.co.uk/parked-graves-cemetery/,1503487210.0,91,0.95,28,CasualUK,jennatheraven
6vht13,The League Of Gentlemen will return for three special new episodes,,http://metro.co.uk/2017/08/23/bbc-confirm-the-league-of-gentlemen-will-return-for-three-special-new-episodes-6872305/,1503480056.0,108,0.96,29,CasualUK,HarryPoland
6vhq0g,Rescued piglets served up as sausages to firefighters - BBC News,[deleted],http://www.bbc.co.uk/news/uk-england-wiltshire-41012135,1503478736.0,58,0.88,43,CasualUK,[deleted]
6vhib1,Well it can't be all that bad if it's trip advisor recommended. Can it?,,https://i.redd.it/gpkcw6xu1ghz.jpg,1503475096.0,360,0.97,83,CasualUK,03ruben
6vhcbh,The only purpose of a house alarm is to to let the neighbourhood know that the house alarm has malfunctioned and you're on holiday.,"It started at around 1am, my neighbours also looked like the walking dead as I left for work this morning.",https://www.reddit.com/r/CasualUK/comments/6vhcbh/the_only_purpose_of_a_house_alarm_is_to_to_let/,1503472431.0,169,0.98,35,CasualUK,[deleted]
6ve9f2,I think you may be a bit late Mr Ambulance,,http://i.imgur.com/FQSx1LT.jpg,1503437579.0,96,0.97,7,CasualUK,PensivePengu
6vckph,A Scotch Egg Sandwich,,https://imgur.com/IeJvyGk,1503422808.0,66,0.97,51,CasualUK,ASK_IF_IM_PENGUIN
6vagtv,There is no reason to panic.,,https://i.redd.it/lnod72dh2ahz.jpg,1503402717.0,96,0.99,7,CasualUK,emuboy85
6v9qct,The ultimate pub crawl.,,http://i.imgur.com/kHV0TsL.jpg,1503392003.0,13655,0.94,479,CasualUK,[deleted]
6v9nn3,1 up!,[deleted],http://i.imgur.com/DQrXs6L.jpg,1503390797.0,60,0.98,5,CasualUK,[deleted]
6v7f2p,Exclusive: BT renaming their rural broadband services,,https://i.redd.it/3dn94h1fq6hz.jpg,1503362287.0,481,0.99,46,CasualUK,funky_bbq
6v64y5,Found an... interesting birthday card on the bus tonight,,https://i.redd.it/8v8yyh4zp5hz.jpg,1503350033.0,136,0.97,5,CasualUK,cryptus
6v52te,Still the best total eclipse,,https://youtu.be/-dtmRmOHK78,1503341457.0,105,0.94,17,CasualUK,African_Farmer
6v4vp6,Enjoying the Solar Eclipse,,https://i.redd.it/nwljslilv4hz.jpg,1503339817.0,659,0.98,19,CasualUK,doctornotfound
6v3yhn,A Porkpie Sandwich,,https://imgur.com/Iihq1wJ,1503331938.0,99,0.97,54,CasualUK,ASK_IF_IM_PENGUIN
6v3i4q,This is what Elizabeth Tower will look like in a few months' time - from the Big Ben renovation of 1984.,,https://i.redd.it/zccyvii0w3hz.jpg,1503327938.0,83,0.97,41,CasualUK,Hullian111
6v3adj,Still better than Frosty Jack,,http://imgur.com/sfy5WOg,1503325936.0,121,0.96,26,CasualUK,[deleted]
6v2spv,"Trying to find out if you have to enter England, Great Britain or UK is bad enough. But then there's this?",,https://i.imgur.com/INGvzie.png,1503321052.0,82,0.94,26,CasualUK,Havoksixteen
6v2ope,Sassy French description of Digestives,,https://i.redd.it/5jffmgddjpgz.jpg,1503319841.0,152,0.97,33,CasualUK,sgmctabnxjs
6v14b4,When you forget your ID so you can't buy orange juice,,https://i.redd.it/odbofboo91hz.jpg,1503296125.0,3470,0.95,295,CasualUK,daddysfuckingkitten
6ux1i3,"Went to see Vulcan bomber XL426 today, thought it may be of interest to some of you",,http://imgur.com/a/Psm95,1503250551.0,61,0.95,40,CasualUK,depnameless
6uwyrs,Did anyone have the 20th in the sweepstakes?,"I have a little baby boy. He's called Finley.

He's perfect. This is all.

EDIT: Also thank you everyone.",https://www.reddit.com/r/CasualUK/comments/6uwyrs/did_anyone_have_the_20th_in_the_sweepstakes/,1503249760.0,52,0.93,41,CasualUK,F7oraColossus
6uwpru,Trying to sell some things on Gumtree. Finally got a response!,,http://imgur.com/AEbiRZs,1503247190.0,80,0.97,28,CasualUK,HarryGoLocky
6uwjz3,My train is having a nap at the station,,https://pbs.twimg.com/media/DHrvPWYXcAEWV3h.jpg,1503245470.0,115,0.99,28,CasualUK,NEWSBOT3
6uvowm,Henry Hoover overdoses on cocaine,,https://www.youtube.com/watch?v=CmC62Eg82E8,1503235439.0,61,0.89,0,CasualUK,TheNathanNS
6uv59h,I'm getting really tired of all these door-to-door salesmen recently,,https://i.redd.it/28ggi6ahjvgz.jpg,1503226863.0,59,0.93,9,CasualUK,Nicksaurus
6uuehc,A local caf√©'s closed sign.,,https://imgur.com/egwjYYM,1503212428.0,61,0.92,3,CasualUK,hojumoju
6us6xu,Match of the day shirt review,,https://imgur.com/qC8qNRT,1503183496.0,229,0.98,7,CasualUK,[deleted]
6ur2gd,Only in England would you get something like this at a sporting event...,,https://streamable.com/ia3n5,1503171178.0,622,0.97,48,CasualUK,_rickjames
6uqk69,[x-post]This guy who drew a tribute to Bruce Forsyth in the mud in his van (credit: Ricky Minns),,https://i.redd.it/57cekx2y9qgz.jpg,1503165939.0,330,0.98,18,CasualUK,KumaLumaJuma
6uqb25,"Everyone, meet the handsome little guy I got today. I give you...Harry!",,https://i.redd.it/honxxi5taqgz.jpg,1503163341.0,222,0.95,28,CasualUK,Miserable_Bugger
6uohh2,A flock of hand-raised pork pies,,https://imgur.com/HuXbicQ,1503140828.0,172,0.98,30,CasualUK,Biozo
6uohci,"It's wet, it's windy, it must be the perfect weekend for camping.",,https://i.redd.it/7rs0qa6qfogz.jpg,1503140776.0,442,0.93,89,CasualUK,The_Incredible_Funk
6uobdm,Illegal Rave In A Van Shut Down By The Police.,,https://www.youtube.com/watch?v=EE9qZU-4P-0,1503137698.0,63,0.9,36,CasualUK,xmastreee
6unyec,When has buttering up the staff worked for you?,"I am currently enjoying a free upgrade to first class on a great western train for being nice to the train manager. I've eaten my bodyweight in fruit cake already and had at least a litre of tea. Once I've depleted their fruit cake stock I'll be moving on to the popcorn.

I think the trolley lady suspects this is all I'm going to eat the entire day. 

When has it worked for you?",https://www.reddit.com/r/CasualUK/comments/6unyec/when_has_buttering_up_the_staff_worked_for_you/,1503130902.0,67,0.98,53,CasualUK,[deleted]
6unji6,Carrot in a box,[deleted],https://streamable.com/8loi,1503123524.0,214,0.96,12,CasualUK,[deleted]
6ulc6f,"An, uh, ""interesting"" offer from the local butchers in celebration of pride.",,https://i.redd.it/s3whjz9cpkgz.png,1503095663.0,265,0.99,29,CasualUK,[deleted]
6ujr72,That's an odd looking fox...,,https://i.redd.it/brhe7c1wgjgz.png,1503080705.0,75,0.97,5,CasualUK,Solvent_Abuse
6uinqx,Scimitar 2 at the pub,,http://i.imgur.com/DQezxzB.jpg,1503070935.0,137,1.0,32,CasualUK,[deleted]
6uimuy,Sir Bruce Forsyth has passed away.,,http://www.bbc.co.uk/news/entertainment-arts-40978576?ns_mchannel=social&amp;ns_campaign=bbc_breaking&amp;ns_source=twitter&amp;ns_linkname=news_central,1503070725.0,1091,0.92,170,CasualUK,ApproximatelyC
6ugybu,Wetherspoon‚Äôs to open human zoo,,http://www.thedailymash.co.uk/news/society/wetherspoons-to-open-uks-first-human-zoo-2013060470772,1503051993.0,69,0.92,9,CasualUK,[deleted]
6ugxak,Naked Mod Friday : This Week's Mod is HPB.,,http://i.imgur.com/KgU7E7F.jpg,1503051529.0,197,0.85,72,CasualUK,HPB
6ugrze,The little things that make you happy.,"Yesterday my arsehole insurance company declined a claim on some shitty technicality and I'm now a couple of grand in the hole. 

Went to McDonald's to drown my sorrows in mechanically recovered meat. Went for a 6 nugget meal and they must have pitied me as they only bloody gave me 7!! This cheered me right up for a good hour or two.

What little things make your day?

p.s. all insurers are still wankers.",https://www.reddit.com/r/CasualUK/comments/6ugrze/the_little_things_that_make_you_happy/,1503049225.0,96,0.98,71,CasualUK,ftoomch
6ugdh9,It's nice to know my colleagues take my allergies seriously...,,http://i.imgur.com/LYW5C9W.jpg,1503042437.0,68,0.97,30,CasualUK,heldain
6uf0l8,I am a moron,[deleted],https://www.reddit.com/r/CasualUK/comments/6uf0l8/i_am_a_moron/,1503024086.0,94,0.98,22,CasualUK,[deleted]
6ud55v,When you finally quit the wealth management business and fulfill your dream of opening a boutique ice cream parlour.,,https://i.redd.it/klx4uzii7dgz.jpg,1503004896.0,74,0.98,25,CasualUK,PhoneySoprano
6ubdx9,Don't look hand shaped to me!,,https://i.redd.it/187mve40ybgz.jpg,1502989545.0,102,0.98,14,CasualUK,jogi01234
6u9vyc,Girl comes back to school with her new leg and sees all her friends.,,http://i.imgur.com/g3NlbBz.gifv,1502975856.0,136,0.94,37,CasualUK,[deleted]
6u9fu2,Looks Fun,,https://i.redd.it/xccq3rlydagz.jpg,1502970679.0,84,0.97,19,CasualUK,[deleted]
6u95yd,It's kicking off in Manchester,,http://i.imgur.com/fUVEaJN.jpg,1502966977.0,9098,0.94,198,CasualUK,smallfaces
6u8i1u,Best dogging sites in the UK.,[deleted],http://www.dogfriendlybritain.co.uk/directory.asp?Category=54,1502956396.0,83,0.93,15,CasualUK,[deleted]
6u8hno,Unofficial Results Day Jumping Thread,"Yup... It's that time of the year when gravity goes out the window and we see students throughout the land leaping for joy at their results... This thread is for those moments... Feel free to post pictures of girls and boys jumping in the air waving bits of paper... I'll start you off with this:

https://pbs.twimg.com/media/DHal9l5XUAAYhVm.jpg",https://www.reddit.com/r/CasualUK/comments/6u8hno/unofficial_results_day_jumping_thread/,1502956213.0,53,0.97,106,CasualUK,dronebox
6u88sv,ITT: We pretend to be tourists to the UK,,https://www.reddit.com/r/CasualUK/comments/6u88sv/itt_we_pretend_to_be_tourists_to_the_uk/,1502952396.0,105,0.98,229,CasualUK,arabidopsis
6u81xj,"This office ‚ù§Ô∏è Christine! Any Christine related comments, thoughts or stories welcome. Plus a straw poll on Christine available in the comments!",,https://i.redd.it/ftkgv4oen8gz.jpg,1502949650.0,58,0.97,24,CasualUK,thesaltwatersolution
6u3gj1,Spotted on the M25 by a mate of mine,,https://i.redd.it/bpld8fgxs4gz.jpg,1502903109.0,180,0.98,15,CasualUK,sdm97
6u3a0e,"Nuclear Bunker definitely not in Brentwood, Kelvedon Hatch.",,https://i.redd.it/jdxkgvogo4gz.jpg,1502901569.0,99,1.0,17,CasualUK,[deleted]
6u1u62,Two Schoolboys Ate '¬£300 Worth Of Food' After Getting Locked In Sainsbury's Overnight,,http://www.huffingtonpost.co.uk/entry/schoolboys-locked-in-sainsburys_uk_59940dece4b0e789a9480700?utm_hp_ref=uk,1502888189.0,90,0.99,38,CasualUK,quinn_drummer
6u1e5p,"Oh, I missed the postman. Wait a minute...",,http://i.imgur.com/RfB8Sfw.jpg,1502882864.0,325,0.98,52,CasualUK,petepete
6u11o5,An absolute belter at ¬£1.99!,,https://i.redd.it/yodjd730q2gz.jpg,1502877871.0,2514,0.94,52,CasualUK,Diastolic
6u0sdk,KEEP CLAER,,https://i.redd.it/1s1n3u9wd2gz.jpg,1502873800.0,160,0.99,18,CasualUK,[deleted]
6u0c72,I raise you my specialist erection,,http://imgur.com/JDFA7cQ,1502866504.0,305,0.91,36,CasualUK,PM_ME_AMAZON_VOUCHER
6u0875,This is why arena/concert food is so shit.,"I used to work as a casual/zero-hours food prep person in my local concert arena, and I'm not going to lie - it was atrocious. I'm surprised, coming from such a big company, they let this happen.

I was given absolutely no training whatsoever, literally just placed into the kitchen with another 17/18 year old who had to show me how to do everything. This was my first job, so obviously I lacked common sense, and nobody told me I shouldn't be wearing a watch in the kitchen so I nearly dropped it into a deep-fat fryer. Oh yeah - working with boiling oil, and not given a single word of training? What a joke. 

Everything was so hopeless, it's almost laughable. We had roughly 40 minutes before the doors opened to cook and prepare beef burgers, chicken burgers, hot dogs and fries, and though it sounds like a lot of time, it's not, especially when, after 3 shifts, I was deemed ""experienced enough"" to be placed with another completely new person so it was just the two of us with not a clue of what to do...

The fries were AWFUL, and I still feel guilty about them. They were hard and stuck together so you had to bite into one massive block of potato.We'd make a batch and keep them under the hot light for hours, to the point where obviously nobody would like them, but honestly, this being my first ever job, could you expect any less?

They bollocked you if you wasted too much food but didn't give a shit about whether you knew how to make it in the first place or whether it was actually good enough for the customers, which it wasn't. I feel bad about how ripped-off they were. ",https://www.reddit.com/r/CasualUK/comments/6u0875/this_is_why_arenaconcert_food_is_so_shit/,1502864799.0,70,0.96,47,CasualUK,[deleted]
6tzwn4,My village in Bedfordshire this morning,,http://imgur.com/nCadwNr,1502860249.0,142,0.98,78,CasualUK,SaltireAtheist
6tx1th,Fuckoffee,[deleted],http://i.imgur.com/Jlymhl3.jpg,1502829927.0,145,0.97,20,CasualUK,[deleted]
6twkq3,"I see your shops &amp; restaurants, check out my coach.",,https://i.redd.it/7e0tad7seyfz.jpg,1502825813.0,106,0.96,3,CasualUK,paul671
6twa9q,Following on from the 'pants' furor - So I'm trying to learn Japanese...,,https://i.redd.it/gwcujeal7yfz.png,1502823304.0,98,0.98,37,CasualUK,Pancake-Marathon
6tv98q,"I see your Fanny, and Flash Fannys, and Wanko and raise you this",,https://i.redd.it/okyd0tguhxfz.jpg,1502814597.0,112,0.92,6,CasualUK,quinn_drummer
6tu470,Good Omens: David Tennant and Michael Sheen to save the world in TV adaptation,,https://www.theguardian.com/books/2017/aug/15/good-omens-david-tennant-michael-sheen-neil-gaiman-terry-pratchett-tv-adaptation,1502803949.0,77,0.92,21,CasualUK,revolut1onname
6ttru4,"I see your Fanny, and your Flash Fanny, and give you...",,https://i.redd.it/wlfll869awfz.jpg,1502800019.0,135,0.96,15,CasualUK,xmastreee
6ttfnu,"Get out and vote, all of you",,http://i.imgur.com/lhLiElM.png,1502795372.0,920,0.94,172,CasualUK,Mayniac182
6tszbl,"I see your Fanny and raise you ""Flash Fanny""! [Hualien, Taiwan]",,https://imgur.com/sZHPOzC,1502787675.0,61,0.92,11,CasualUK,[deleted]
6tshw6,There is a British food sale in Lidl here in Sweden and I am so triggered,"They call the crisps 'chips' right there on the packet.

Ugh.",https://www.reddit.com/r/CasualUK/comments/6tshw6/there_is_a_british_food_sale_in_lidl_here_in/,1502778979.0,368,0.91,136,CasualUK,[deleted]
6tsdlp,This store in Germany.,,http://i.imgur.com/LGZ6XQr.jpg,1502777074.0,155,0.92,21,CasualUK,DerFelix
6trpua,This should sort you lot out.,,https://i.redd.it/a16nn98bntfz.png,1502768043.0,90,0.91,60,CasualUK,xmastreee
6tpsjb,There. Are. No. Pants.,,https://i.redd.it/a03r3azdzrfz.png,1502747892.0,299,0.95,39,CasualUK,JeffSergeant
6tnf21,I got a double length mutant sausage with my Sunday Roast last night,,http://i.imgur.com/9Q5ODys.jpg,1502726964.0,70,0.94,20,CasualUK,JoePasqualeGoatseLuv
6tmtf6,But... why can't I just walk down them?,,http://i.imgur.com/MkEeksD.jpg,1502721486.0,94,0.94,34,CasualUK,theartofrolling
6tmt2i,Got handed my first dirty ¬£1 coin today. Now it feels like real currency.,,https://i.imgur.com/AkNMdnb.jpg,1502721390.0,472,0.97,53,CasualUK,80025-75540
6tm2ku,We have such a way with words.,,https://imgur.com/3vK1nta,1502713675.0,198,0.97,52,CasualUK,ElQuackers
6tlvsd,What household item instantly identifies a middle-class Brit?,"Karcher pressure washer.


Edit: Fridge magnets from holidays to Malta, Nice and Lanzarote",https://www.reddit.com/r/CasualUK/comments/6tlvsd/what_household_item_instantly_identifies_a/,1502711327.0,76,0.9,380,CasualUK,[deleted]
6tlr8f,Walkin the dugs,,https://i.redd.it/arxqxqettofz.jpg,1502709658.0,765,0.96,20,CasualUK,[deleted]
6tlavh,UK and Ireland map in a tolkien-ish sort of style,,https://i.redd.it/2z2spzz68ofz.png,1502702422.0,263,0.95,39,CasualUK,Catses
6tkmgh,My supper last night.,[deleted],http://i.imgur.com/frhBNJm.jpg,1502691394.0,149,0.97,25,CasualUK,[deleted]
6tfhxz,Classic Brits at East Midlands airport obeying the rules,,https://i.redd.it/v7u27xswqifz.jpg,1502636042.0,77,0.93,8,CasualUK,jrp1992
6tepoo,When you're thinking about Yorkshire Pudding with Gravy and it gives you a,,http://i.imgur.com/WQDsULl.jpg,1502625228.0,1830,0.97,39,CasualUK,Blade89
6tec36,I attempted to make an almost full English Breakfast...,,https://i.redd.it/k2ew1sd2bhfz.jpg,1502618624.0,153,0.96,60,CasualUK,arabidopsis
6te9xs,Genuine unfortunate placement meets corrupted mind,,http://imgur.com/jN86kFI,1502617477.0,140,0.91,16,CasualUK,goldfishpaws
6tdiae,Getting up early is worth it sometimes. What's everyone doing with their Sunday?,,https://i.redd.it/qgb0kdpz0gfz.jpg,1502603110.0,98,0.95,103,CasualUK,SpikeVonLipwig
6tb974,Weird cafe behaviour?,"So this came about this morning with a pal. 

We'd gone to a cafe for breakfast (coffee, orange juice and a croissant for ¬£3.50 fyi) and when we were done we went to pay. I stacked my cup and saucer and took them, along with the glass, to the counter.

My pal reckons this is the behaviour of an absolute nutcase, however I maintain that in a small cafe (no dedicated waiting staff) this is just being polite and is perfectly normal? What says you?",https://www.reddit.com/r/CasualUK/comments/6tb974/weird_cafe_behaviour/,1502575014.0,93,0.97,27,CasualUK,Nikkeh
6tb7ka,Nice job..,,https://imgur.com/e5dqhGy,1502574532.0,208,0.98,15,CasualUK,[deleted]
6tayza,Men just won gold in the 4 x 100m relay with the third best time in history! Ladies take silver too!,[deleted],https://www.reddit.com/r/CasualUK/comments/6tayza/men_just_won_gold_in_the_4_x_100m_relay_with_the/,1502571969.0,164,0.96,11,CasualUK,[deleted]
6tayub,We've only gone and won the 4x100m,"Third fastest ~~time~~ team in history (8 Jamaican times and 4 US runs are faster) Get the fuck in there lads

37.47s - Chijindu Ujah, Adam Gemili, Daniel Talbot, Nethaneel Mitchell-Blake

**Ladies second!**

42.12s - Asha Philip, Desiree Henry, Dina Asher-Smith, Daryll Neita ",https://www.reddit.com/r/CasualUK/comments/6tayub/weve_only_gone_and_won_the_4x100m/,1502571928.0,78,0.93,1,CasualUK,Blubbey
6t9q64,"It's not finished, nor pretty, but proud of my effort today. Time for a beer.",,http://imgur.com/a/aWMuH,1502559048.0,97,0.95,16,CasualUK,stretch112
6t9n9x,Her husband had obviously had enough...,,https://imgur.com/g1YNWh7,1502558180.0,177,0.97,18,CasualUK,riskoooo
6t7plm,Slush Puppy and a Grim Brekky - this kills the hangover,,https://i.redd.it/i2p5c2268afz.jpg,1502532883.0,54,0.91,28,CasualUK,enixenigma
6t7oc8,Crime of the century.,,https://imgur.com/YPo22qM,1502532255.0,75,0.93,7,CasualUK,[deleted]
6t4hv6,M+S decorative alcohol?,,https://i.redd.it/t6xhuyl0l6fz.jpg,1502488776.0,192,0.99,16,CasualUK,mylicon
6t4fjg,How SpringWatch cut a ribbon,,http://i.imgur.com/Sp7D0ta.gifv,1502488135.0,182,0.98,7,CasualUK,HarryGoLocky
6t2qxl,D'you lot reckon it's safe for me to get my Frisbee from in there?,,https://i.redd.it/hwlxd6fz95fz.jpg,1502473005.0,65,0.98,25,CasualUK,HarryPoland
6t1apb,"Holy shit, Sainsburys new self service checkout software is beyond pants.. Why switch the keypad around?!",,http://i.imgur.com/KJMT0v7.jpg,1502459739.0,58,0.86,58,CasualUK,[deleted]
6t07c8,Great Yarmouth pier. Where careers go to die,,https://imgur.com/sCtxf1j,1502446300.0,2931,0.93,406,CasualUK,Biozo
6t03xn,Greece.,,http://i.imgur.com/SdmSiQ2.jpg,1502444843.0,110,0.96,25,CasualUK,[deleted]
6sx0zn,I heard we were doing postboxes,,http://i.imgur.com/8Z0xJO6.png,1502405331.0,111,0.96,19,CasualUK,TeaDrinkingRedditor
6swkpn,Massive fucking pipe washes up on Norfolk beach,,http://www.bbc.co.uk/news/av/uk-england-norfolk-40886835/giant-pipes-wash-up-on-norfolk-beaches,1502401051.0,94,1.0,28,CasualUK,beefygravy
6suyss,Aldi and Lidl started a meme-off on twitter. M&amp;S have stepped in too. Round up article.,[deleted],http://thehookmag.com/2017/08/aldi-lidl-start-twitter-fight-ms-arrives-shows-whos-boss-146651/,1502387004.0,136,0.9,31,CasualUK,[deleted]
6stgdy,My town's postboxes are WAY better than your town's postboxes,,https://i.redd.it/6sk3nzcp1xez.jpg,1502373323.0,62,0.89,30,CasualUK,lazyorange
6ssjyz,"Friend of mine saw this in North Shields, North Tyneside. I grew up not for from there",,https://i.redd.it/01bhobe36wez.png,1502362688.0,824,0.97,61,CasualUK,AnarchistBinman
6sseza,REVIEW: Breakfast Pot,"Due to the demands of about five people from [my post yesterday](https://www.reddit.com/r/CasualUK/comments/6sm2jn/yesterday_i_found_out_that_cardiff_does_a_cooked/) I decided to brave it all and try the breakfast in a pot today. 

First off this is the meat-eater version feat. my strong, manly hands: http://imgur.com/a/L015Q 

And this is what it looked like when I first opened it: http://imgur.com/a/EkRhA 

I thought there was a mistake and somehow they'd managed to package some strange soup instead of my breakfast pot but upon closer inspection I realised that that was actually all molten cheese. After some digging through the pot that Time Team would have been proud of I discovered that there were some actual solid masses of a poached egg, baked beans and mushrooms inside which looked like this: http://imgur.com/a/JY3Tr 

Now you might be asking why on earth is this breakfast pot on top of a plate doesn't that defeat the whole purpose? Why yes you would be correct. It turns out that the surface temperature of the outside of the pot was roughly the same temperature of the sun and therefore the woman at the till gave me a plate to carry it on.  Utterly pointless. 

Taste: Overall I'd rate at about 6/10. Nothing special but it was alright, I might have given it another point but I hate mushrooms. 

Presentation: 2/10. I mean it's a bunch of food in a pot so I wasn't expecting much but still it looked awful.

Cost: 4/10 it was about ¬£2.50 but then it was half empty so I think I got ripped off slightly. 

Experience: 5/10. An odd experience that I probably won't be repeating but this review is giving me a great excuse to procrastinate from doing my dissertation. 
",https://www.reddit.com/r/CasualUK/comments/6sseza/review_breakfast_pot/,1502360633.0,65,0.94,40,CasualUK,wickro
6ss7bn,My town's postboxes are better than your town's postboxes,,http://i.imgur.com/OwvbNTS.jpg,1502357288.0,118,0.92,46,CasualUK,AFinelyStuffedShirt
6ss5wq,Meanwhile on the M6 Toll...,,http://media.vocativ.com/photos/2013/11/Naypyidaw-Myanmar_22713696787088.jpg,1502356647.0,191,0.96,51,CasualUK,[deleted]
6ss0po,Quite simply the best discussion on /r/ukpersonalfinance ever,,https://www.reddit.com/r/UKPersonalFinance/comments/6hs5ff/tax_situation_for_sugar_baby_income/,1502354291.0,72,0.94,36,CasualUK,Wantang_Bob
6sruts,A night of abject misery on a National Express,"Sorry this is ranty. But I'd never experienced a long range coach journey before.

I got 2 hours sleep last night, spending the night experiencing what I can only describe as being locked in a moving abattoir. The person before me had left their garbage in the seat net thing so it stank of discarded food, it was cramped and hot and my hopes of a quiet coach were dashed, because who in their right mind would get a 9 hour coach? Actually, quite a lot of people, it turns out. None of whom looked like they wanted to be there.

I once stayed awake for 36 hours on a coach ‚Äì I don‚Äôt sleep well on public transport. This was made harder by the bizarre experience of every hour or so, just as you might be nodding off, the in-coach lights erupt into a supernova of illuminance, revealing all the fellow scummy self-loading freight in hideous ultravision clarity, and a Glastonbury-style tannoy announcement explodes over the speakers, loudly boasting of their arrival ahead of time into the warm embrace of Stoke-on-Trent.

But there was one incredible second layer to this painful journey. In the seat across the aisle from me was a butter churn of a woman, squeezed into some well-worn leggings, smelling like she‚Äôd been dragged through a farm by some very ill cattle. She had obviously paid for two seats as she sprawled her bumps and bags over both of them. Her clumsiness was staggering; within 2 hours, she‚Äôd spilled her 2L bottle of Dr Pepper onto her laptop, then dropped the bottle, dropped the laptop onto the floor while she tried to writhe into a more comfy position, twice dropped her phone, knocked down her bag from the seat three times and twice slapped the head of the guy in front while trying to use his chair to gain leverage. She also hadn‚Äôt brought any headphones, which became everyone else‚Äôs problem when she put shows on at 3am. The most disturbing and upsetting was the 25-second scratch on her greasy temple (I timed it as she seemed to be going for a personal best) and then had a triumphant sniff of her full four fingers like she‚Äôd just scooped up a chocolate fountain. She was a hazard to every sensory apparatus I possess. I daren‚Äôt touch her but I imagined she felt like a gammon steak stuck in a gritting truck. 

I didn‚Äôt use my laptop because I didn‚Äôt want to run down the battery. 8 and a half hours into the 9 hour journey I noticed a plug socket between the seats. That would have been very useful many hours ago, I thought to myself, as I fell off the coach with a numb arse, a sore back, and more tired than I was when I got on. It was much, much cheaper than the train. But much, much worse. I thought, being National Express, it might be a better experience than a Megabus. It wasn‚Äôt.  And here I am sitting in a McDonald‚Äôs in Edinburgh with a face a mixture of shock, bewilderment, insomnia, fury and resignation.

Getting the train back.",https://www.reddit.com/r/CasualUK/comments/6sruts/a_night_of_abject_misery_on_a_national_express/,1502351640.0,269,0.94,92,CasualUK,InappropriateSurname
6sm2jn,Yesterday I found out that Cardiff does a cooked breakfast in a jar and today I found out my uni does cooked breakfast in a pot. The world has gone mad.,,https://i.redd.it/w66bwhsi9qez.jpg,1502291200.0,50,0.92,48,CasualUK,wickro
6slpgk,Classic Banksy.,,https://i.redd.it/lnhcxokfrpez.jpg,1502287786.0,214,0.94,17,CasualUK,[deleted]
6sk1k6,"""New"" Shreddies are 85g lighter (17%) AND more expensive than the old boxes. Nestle are utter bastards.",,https://i.redd.it/eyvl3e096oez.jpg,1502265886.0,249,0.99,64,CasualUK,NineFeetUnderground
6sk0qc,Queen defends flowers from hungry pony (xpost from r/gifs),[deleted],https://i.imgur.com/StALJ7f.gifv,1502265533.0,1087,0.96,45,CasualUK,[deleted]
6sjyok,Not sure I should've brought these shorts on holiday - you can see my cock in them.,,http://i.imgur.com/1739nFn.jpg,1502264591.0,101,0.86,14,CasualUK,HPB
6sjx0a,Spotted in Stoke this year.,,http://i.imgur.com/OcDRgDh.jpg,1502263868.0,110,0.96,12,CasualUK,[deleted]
6sji8k,New 'smart wig' prototype escapes lab and takes refugee on bus stop in Bristol,,https://imgur.com/Q1QK1nd,1502257731.0,310,0.95,21,CasualUK,itskieran
6sgcg9,Hmmm that surname causes confusion...,,https://i.redd.it/wc9e7bttqkez.jpg,1502224382.0,127,0.98,5,CasualUK,Blake_Corry
6sezs4,NSFL - A Cardiff cafe is serving a cooked breakfast in a jar,,https://www.joe.co.uk/food/a-cardiff-cafe-is-serving-a-cooked-breakfast-in-a-jar-and-everything-is-not-okay-136966,1502212843.0,63,0.97,38,CasualUK,d0mth0ma5
6sdzi0,1930's London colourized,,http://i.imgur.com/sl9Barj.jpg,1502203990.0,265,0.98,42,CasualUK,HarryGoLocky
6sdlgl,A Star Wars stunt man at McDonald's.,,http://imgur.com/r9J0lHi,1502200191.0,55,0.94,32,CasualUK,[deleted]
6sd64t,Spotted in Cardiff last year,,https://i.redd.it/xnxk8x8zbiez.jpg,1502195559.0,604,0.98,57,CasualUK,UltraBear
6sceot,There's a nasty bit of norovirus going around the UK at the moment,"And I've managed to catch it. Stay safe out there: find an excuse to go home if one of your colleagues comes in with a stomach bug. If you find yourself having symptoms get yourself home asap and don't leave until you're 48 hours clear. 

Having suffered through it for the last 12 hours, my recommended first response is immolating your immediate surroundings followed by yourself. ",https://www.reddit.com/r/CasualUK/comments/6sceot/theres_a_nasty_bit_of_norovirus_going_around_the/,1502184958.0,58,0.93,80,CasualUK,Grigori7
6sc9kh,Shocking nicknames?,"I played football on the weekend and the other teams CDM had a huge cyst in the middle of his forehead.

it stuck out a good half inch from the rest of his head in all its sore, red glory.

Showing all the empathy one would expect from a football team, his teammates called him 'Turbo Tithead'.",https://www.reddit.com/r/CasualUK/comments/6sc9kh/shocking_nicknames/,1502182706.0,220,0.94,258,CasualUK,[deleted]
6sc0gd,Rare pine marten caught on camera in Yorkshire for first time in 35 years,[deleted],https://www.theguardian.com/world/2017/aug/07/rare-pine-marten-caught-on-camera-in-yorkshire-for-first-time-in-35-years,1502178365.0,93,0.95,24,CasualUK,[deleted]
6s9d7j,The BBC's Simon McCoy is not impressed with surfing dogs.,,https://twitter.com/chrisgsgray/status/894575728238485508,1502146941.0,167,0.99,24,CasualUK,concretepigeon
6s7wto,Five days to get a CasualUK Team ready. Go!,,https://i.redd.it/i4sb41sp9dez.jpg,1502133929.0,159,0.98,20,CasualUK,HarryPoland
6s6bvo,Drug delivery in Scotland,,https://i.redd.it/7jsmlq9s5cez.jpg,1502120445.0,228,0.97,48,CasualUK,[deleted]
6s4x1o,Angry British Drivers swearing compilation,,https://www.youtube.com/watch?v=3lKwKvhkNyo,1502105308.0,73,0.95,26,CasualUK,TheNathanNS
6s4ies,"In 1856, my great, great, great, great grandfather killed himself by drunk driving. The newspaper report is just full of acquaintances confirming his love of ale.",[deleted],http://imgur.com/a/oXBrC,1502098849.0,175,0.99,26,CasualUK,[deleted]
6s4bf2,Come Dine With Me,[deleted],https://www.reddit.com/r/CasualUK/comments/6s4bf2/come_dine_with_me/,1502095454.0,71,0.95,63,CasualUK,[deleted]
6s4881,The worlds dumbest criminal broke in to where I work this weekend.,"The bloke who did it has already been caught after 2 hours of checking CCTV.

He drove his company van down in broad daylight, with his name on the side, with a personalised vehicle registration, and his company name on his shirt.

Can't think of a much dumber criminal",https://www.reddit.com/r/CasualUK/comments/6s4881/the_worlds_dumbest_criminal_broke_in_to_where_i/,1502093923.0,439,0.95,125,CasualUK,HarryGoLocky
6rz3yn,They're so far behind in Wales they've not even discovered how to bridge rivers,,https://imgur.com/sNTQQQG,1502035100.0,120,0.94,32,CasualUK,Ubba_Lothbrok
6ry7ch,The /r/CasualUK Full English Breakfast Survey: Results,"You will likely have noticed that whenever a photo of a Full English is posted to reddit (be it here or on a food subreddit) there are inevitable arguments about what is or isn't good about it, what constitutes a ""true"" Full English, why you're a cunt for preferring streaky bacon to back bacon and so on.  
  

I wanted to get a definitive breakfast established by the use of community survey, and I believe that I have accomplished that. You can definitely tell that I am between jobs at the moment.  
  

NB: I am not a data-ologist and if anyone thinks they can present this data in a better and more meaningful way to reap that sweet /r/dataisbeautiful karma then message me and I can send you the full results in Excel for you to play with.  
  

#The survey in brief  
  

You can find the original post [here](https://www.reddit.com/r/CasualUK/comments/6rrmu5/the_full_english_breakfast_survey/) but to sum it up, users were asked to rate 20 breakfast/food items on the following scale:  
  

* **TOTAL ESSENTIAL:** if the breakfast does not contain this item, it is not a Full English. A core component.  
* **GOOD OPTIONAL:** the breakfast is still a Full English without this item, but adding it does not ruin the breakfast. I'll have it on mine if I've the option.  
* **BAD OPTIONAL:** the breakfast is still a Full English without this item, and remains so with this item. However, I would not choose to add it to my breakfast, personally.  
* **NO FUCKING WAY:** if this item is included then the breakfast is ruined and/or ceases to be a Full English breakfast, irrespective of whether or not I enjoy the food.  
  

This aimed to take personal preference somewhat out of the race ‚Äì for example, many people (children) don‚Äôt like black pudding, but it would be difficult to argue that it does not have a place in a Full English regardless of whether or not you eat it.  
  

#/r/CasualUK‚Äôs Full English Breakfast  
  

Thanks to everyone for taking part. Over the course of the weekend, the surveys received a combined 1,863 results (964 for the first and 899 for the second).   
  

I actually got so into this survey that I paid SurveyMonkey ¬£30 to view all of the results (it is capped at 100 for free members).   
  

Using these results, I was able to determine scientifically and conclusively what does and does not belong in a Full English breakfast.   
  

We therefore have three categories:   
  

* **The Purist‚Äôs Full English Breakfast:** without these items, you cannot call your breakfast a Full English.   
* **The Enhanced Full English Breakfast:** a car with a spoiler and chrome rims is still a car, so too is a breakfast with these items still a Full English. Not everyone likes them, but no one can deny that it is still a true Full English.  
* **The What The Fuckfast:** a breakfast containing these items can no longer be considered a Full English Breakfast, regardless of your personal taste or preference.  
  

##The Purist‚Äôs Full English Breakfast  
  

Within the first 100 results or so, there were clear frontrunners in this race. Some items had not received a single ‚ÄúNo Fucking Way‚Äù vote, and they maintained their lead throughout the polling. 
  
 
It baffles me personally how anyone could vote ‚ÄúNo Fucking Way‚Äù to any of these items, but as time went on some did. However, the listed items received only between 0.1% and 2.5% of votes for ‚ÄúNo Fucking Way‚Äù which is probably within some margin of error and were the clear winners of this survey.  
  

* Sausage (93.88% Total Essential votes, 0.21% No Fucking Way votes)  
* Bacon (93.46% Total Essential votes, 0.52% No Fucking Way votes)  
* Fried Egg (74.22% Total Essential votes, 0.10% No Fucking Way votes)  
* Toast (50.39% Total Essential votes, 0.21% No Fucking Way votes)  
* Baked Beans (67.22% Total Essential votes, 1.46% No Fucking Way votes)  
* Tea (61.02% Total Essential votes, 2.12% No Fucking Way votes)  
  

Of the items, Baked Beans received the highest ‚ÄúBad Optional‚Äù rating with 9.37% of votes. Sausage received the lowest ‚ÄúBad Optional‚Äù rating with 0.62% of votes. By all metrics, sausage is the most popular and essential item in a Full English Breakfast.  
  

Because of the structure of the survey, every vote except ‚ÄúNo Fucking Way‚Äù allowed for inclusion in the breakfast. Thus, the core items of a Full English, without which the breakfast is incomplete, are as follows (in order of Total Essential priority):  
  

* Sausage  
* Bacon  
* Tea  
* Fried Egg  
* Baked Beans  
* Toast   
  

##The Enhanced Full English Breakfast  
  

Of course, I don‚Äôt think that (personal preference aside) anyone would argue that items like black pudding have no place in a Full English.   
  

This is pretty well-represented in the results, with the following items receiving overwhelming approval (50% or more Total Essential/Good Optional votes combined) despite some ‚ÄúNo Fucking Way‚Äù votes.  
From most to least popular, the honourable mentions are:  
  

* Black Pudding (25.13% Total Essential votes, 44.03% Good Optional votes)  
* Fried Bread (25.60% Total Essential votes, 58.38% Good Optional votes)  
* Hash Brown (35.37% Total Essential votes, 54.28% Good Optional votes)  
* Tomato (35.04% Total Essential votes, 44.16% Good Optional votes)  
* Mushrooms (32.26% Total Essential votes, 42.32% Good Optional votes)  
  

Some had issue with including both scrambled and fried eggs and streaky/regular bacon as separate entities and I admit that may have been an error. Both options scored highly, meaning that scrambled eggs and streaky bacon are a valid substitute for the traditional fried egg/back bacon.  
  

* Streaky Bacon (10.73% Total Essential votes, 46.26% Good Optional votes)  
* Scrambled Eggs (6.75% Total Essential votes, 65.32% Good Optional votes) 
  
 
##The What The Fuckfast  
  

In the interest of fairness and riling up the sub, I included several ridiculous items that only a fucking maniac would include in a breakfast and call it a Full English ‚Äì pancakes, burgers and whatnot.  
  

The following items all received 50% or higher No Fucking Way votes:  
  

* Burger (90.30% No Fucking Way votes)  
* Pancakes (75.06% No Fucking Way votes)  
* Kippers (74.44% No Fucking Way votes)  
* Chips (67.57% No Fucking Way votes)  
  

#Full results  
  

I'll be making the full results available, but it'll take a lot of faffing around on Excel.",https://www.reddit.com/r/CasualUK/comments/6ry7ch/the_rcasualuk_full_english_breakfast_survey/,1502024198.0,170,0.98,113,CasualUK,[deleted]
6rxx74,¬£22.50 for a plate! Jog on.,,https://imgur.com/gallery/aytbX,1502019640.0,127,0.94,12,CasualUK,[deleted]
6rxnqx,Went to Wales and enjoyed the view from a small castle.,,https://www.flickr.com/photos/jacob_holdsworth/35557615294/,1502014786.0,121,0.98,6,CasualUK,Gibslayer
6rxngm,"Just had a thought ... In the UK the word 'post' is commonly used for letters, and the delivery and receipt of them. In the US 'mail' is the common term. However the respective national delivery services are 'Royal *Mail*' and 'United States *Postal* Service'.",,https://www.reddit.com/r/CasualUK/comments/6rxngm/just_had_a_thought_in_the_uk_the_word_post_is/,1502014645.0,708,0.98,52,CasualUK,quinn_drummer
6rxi8c,The table at this pub has a well in the middle of it . [X-post from /r/mildlyinteresting],,https://i.redd.it/28oym3n970ez.jpg,1502011724.0,383,0.95,30,CasualUK,[deleted]
6rv9y2,I feel like beans on toast is a very underrated meal once you get past the age of twelve,heinz beans and white bread of course.,https://www.reddit.com/r/CasualUK/comments/6rv9y2/i_feel_like_beans_on_toast_is_a_very_underrated/,1501978466.0,53,0.93,48,CasualUK,YHS_000
6rtrvl,Taco Bell coming to Woking! Man I‚Äôm excited.,,https://i.redd.it/y9zon0172zdz.jpg,1501961848.0,110,0.95,50,CasualUK,dirtychinchilla
6rsk3s,I'm at the world hen racing championship,,http://imgur.com/4Zthfnq,1501949207.0,432,0.99,20,CasualUK,[deleted]
6rsjaq,Fanciest bins in the UK?,,http://i.imgur.com/36hGz2L.jpg,1501948961.0,224,0.97,30,CasualUK,Malandirix
6rsape,It's a science fact.,,https://i.redd.it/n0q2cwl5sxdz.jpg,1501946365.0,73,0.93,22,CasualUK,[deleted]
6rruc5,It'd be just my luck to be sat behind this bunch of Pats,,http://i.imgur.com/x7HdI56.jpg,1501941007.0,86,0.97,7,CasualUK,losimagic
6rrmu5,The Full English Breakfast Survey,"##**[Results are in!](https://www.reddit.com/r/CasualUK/comments/6ry7ch/the_rcasualuk_full_english_breakfast_survey/)** 

You will likely have noticed that whenever a photo of a Full English is posted to reddit (be it here or on a food subreddit) there are inevitable arguments about what is or isn't good about it, what constitutes a ""true"" Full English, why you're a cunt for preferring streaky bacon to back bacon and so on. 

I thought we could take a couple of surveys about everyone's favourite breakfast to try and determine once and for all what are the core elements of a Full English.  

#How it works
In this survey, you will be asked to rate breakfast items on a four-point scale:  

**TOTAL ESSENTIAL:** if the breakfast does not contain this item, it is not a Full English. A core component.   
**GOOD OPTIONAL:** the breakfast is still a Full English without this item, but adding it does not ruin the breakfast. I'll have it on mine if I've the option.   
**BAD OPTIONAL:** the breakfast is still a Full English without this item, and remains so with this item. However, I would not choose to add it to my breakfast, personally.  
**NO FUCKING WAY:** if this item is included then the breakfast is ruined and/or ceases to be a Full English breakfast, irrespective of whether or not I enjoy the food.  

#The surveys
There are two 10-question surveys because that's what SurveyMonkey limits you to with a free account. If you think I've missed items, let me know and I'll create a third survey.

##Surveys closed, results pending.",https://www.reddit.com/r/CasualUK/comments/6rrmu5/the_full_english_breakfast_survey/,1501938175.0,75,0.95,69,CasualUK,[deleted]
6rrm2m,Guess he's not a Deal or No Deal fan...,,http://i.imgur.com/p2Dn19U.jpg,1501937872.0,111,0.97,8,CasualUK,tman612
6rrewu,Birthday breakfast,,https://imgur.com/N7vz82V,1501934788.0,399,0.98,69,CasualUK,[deleted]
6rr36b,This Liverpool McDonald's is a hot spot for Casualness.,,https://i.redd.it/jdpn35r1cwdz.png,1501928878.0,196,0.98,49,CasualUK,Squidgeitdobbs
6rqxrs,Greggs is overrated,,https://www.reddit.com/r/CasualUK/comments/6rqxrs/greggs_is_overrated/,1501926106.0,63,0.74,83,CasualUK,Cowgothardscope
6rqqmy,I am in Manchester. Its beautiful.,,https://imgur.com/DOX82l9,1501922091.0,829,0.9,151,CasualUK,_rickjames
6roi7l,This was the best photo I took of the majestic Buzzard whilst in Cornwall :/,,https://i.imgur.com/39Wjz9o.jpg,1501891199.0,162,0.98,11,CasualUK,HEHEHEno
6rnidv,Managed to catch an image of a rare 2 seat Spitfire today.,,https://i.redd.it/ebciby54dsdz.jpg,1501880837.0,172,0.99,40,CasualUK,Cmdr_atomicb0mb639
6rnbzb,Adorable puppies make it nearly impossible for this Sainsburys delivery person to do his job.,,http://i.imgur.com/0IdCKUm.gifv,1501879134.0,141,0.98,17,CasualUK,[deleted]
6rmpxm,What kind of veg?!,,https://i.redd.it/n1ui36uxrrdz.jpg,1501873655.0,324,0.99,19,CasualUK,BritishLibrary
6rl5yq,Found this unsettling hand drier today,,https://i.redd.it/secqt82vnqdz.jpg,1501860217.0,144,0.97,8,CasualUK,Nomaki
6rky4r,A dyslexic bloke from Yorkshire just came in to my work,He was wearing a Cat Flap,https://www.reddit.com/r/CasualUK/comments/6rky4r/a_dyslexic_bloke_from_yorkshire_just_came_in_to/,1501858195.0,96,0.95,13,CasualUK,HarryGoLocky
6rkv87,Is 'otter,,https://i.redd.it/ucifkasmfqdz.jpg,1501857415.0,55,0.98,20,CasualUK,jonewer
6rk91e,I think the people who work in the chemist are confused,,https://i.redd.it/bs48umsowpdz.jpg,1501851039.0,55,0.95,12,CasualUK,[deleted]
6rjqbk,GTA 5 - Geordie Theft Auto,,https://www.youtube.com/watch?v=kYta-01f3lg,1501844600.0,65,0.98,16,CasualUK,nayimhittingalongone
6rjeum,Arnold Rimmer &amp; Mr. Flibble coasters.,,https://i.redd.it/ii4aw7f8sodz.jpg,1501839739.0,252,0.95,35,CasualUK,[deleted]
6rix2n,People who use the phone on a morning train. Fuck them.,The person opposite me is bellowing into a phone. I wish they wouldn't.,https://www.reddit.com/r/CasualUK/comments/6rix2n/people_who_use_the_phone_on_a_morning_train_fuck/,1501831607.0,107,0.91,78,CasualUK,[deleted]
6rd15x,"London's latest unknown graffiti artist, Wanksy.",,https://i.redd.it/oibr8odojjdz.jpg,1501774017.0,352,0.99,20,CasualUK,[deleted]
6rcxy5,GTA 6 in Britain ideas?,[deleted],https://www.reddit.com/r/CasualUK/comments/6rcxy5/gta_6_in_britain_ideas/,1501773203.0,80,0.96,122,CasualUK,[deleted]
6ran09,Woman having a cracking time on the VR slide,,https://youtu.be/6CWSjopNjms,1501743923.0,150,0.96,34,CasualUK,my_first_rodeo
6ragww,One classy driver.,,https://i.redd.it/iu0ou9rhugdz.jpg,1501741336.0,219,0.92,32,CasualUK,emuboy85
6rag2y,This tractor being sold in a local newsagents.,,https://imgur.com/uIkPfOY,1501741002.0,79,0.94,21,CasualUK,GavidPisscabbage
6ra30u,Bird of prey 'attacked' man out jogging near Derby,,http://www.bbc.co.uk/news/uk-england-derbyshire-40802477,1501736110.0,60,0.96,18,CasualUK,[deleted]
6r612j,"The Apprentice UK without dialogue, just reactions.",,https://www.youtube.com/watch?v=_VLhNfdQDTI,1501696900.0,74,0.95,8,CasualUK,haluter
6r4mt9,These barms my local shop sells.,,https://i.redd.it/5cq4oxn37cdz.jpg,1501685064.0,395,0.98,94,CasualUK,leoares
6r3s71,Pressing The DJ Button at School,,https://www.youtube.com/watch?v=irBwZ3bmy8k,1501676406.0,155,0.93,24,CasualUK,gsurfer04
6r3emq,Got the job lads,[deleted],https://www.reddit.com/r/CasualUK/comments/6r3emq/got_the_job_lads/,1501671663.0,169,0.98,69,CasualUK,[deleted]
6r30xn,Cleaning out my drawer at work I find this relic from the person before me (or before them?),,http://imgur.com/a/dVxzB,1501665955.0,174,0.97,105,CasualUK,tommygunner91
6r2m4r,The things we did at school.,"Who else pretended to sharpen their pencils just so they could chat to their friends at the bin? 
 
What else did we do at school?",https://www.reddit.com/r/CasualUK/comments/6r2m4r/the_things_we_did_at_school/,1501659087.0,99,0.95,314,CasualUK,[deleted]
6r2d30,Private Eye knew /u/HPB was on holiday,[deleted],https://imgur.com/4Ax6zJw,1501655276.0,82,0.9,17,CasualUK,[deleted]
6qzvek,Any recommendations for blinds in Edinburgh?,,https://imgur.com/0lVTZSy,1501626915.0,683,0.99,9,CasualUK,[deleted]
6qxh57,"After nearly three years of roadworks, the 50mph limit on the M3 has finally been lifted",,http://www.dailyecho.co.uk/news/15445766.Motorists_celebrate_as_M3_speed_limit_is_removed/,1501605832.0,55,0.94,24,CasualUK,AlkalineDuck
6qwz74,"I scratched my balls and subsequently destroyed my neighbours ¬£20,000 summer house.",[deleted],https://www.reddit.com/r/CasualUK/comments/6qwz74/i_scratched_my_balls_and_subsequently_destroyed/,1501601448.0,84,0.89,33,CasualUK,[deleted]
6qwr87,John is angry &amp; covered in paint in the back of a van,,https://www.youtube.com/watch?v=V6l2py68WY4,1501599433.0,52,0.87,13,CasualUK,TheNathanNS
6qwook,Royal Mail offer their pricing guide in cassette tape format... I'm not sure what to make of this.,,https://i.redd.it/jm2yn9me25dz.png,1501598783.0,57,0.9,12,CasualUK,Xais56
6qwjs2,Look at the size of my Bourbon!,,http://imgur.com/a/rQ9ug,1501597494.0,93,0.95,32,CasualUK,TKT_S
6qw1xg,Not sure if I should be pissed about this jersey [King's Cross / St. Pancras],,https://i.redd.it/rkc499juj4dz.jpg,1501592472.0,98,0.93,31,CasualUK,MrDrProfessorMD
6qvtq2,Yorkshire Airlines,,https://www.youtube.com/embed/wPjJFv1NDBg,1501589878.0,80,0.97,7,CasualUK,[deleted]
6qvlfz,Man accidentally breeds 160 guinea pigs after wrongly thinking he'd bought two females,,http://www.telegraph.co.uk/news/2017/07/22/man-accidentally-breeds-160-guinea-pigs-wrongly-thinking-bought/,1501586979.0,69,0.94,31,CasualUK,NEWSBOT3
6qvhfb,It's not just young people. Some of the elderly of the UK have never seen a cow. The delight on this lady's face as she sees one for the first time is beautiful!,,https://www.youtube.com/watch?v=fc825fekWVY,1501585433.0,366,0.94,40,CasualUK,BlokeyBlokeBloke
6qv8kw,Junk mail,,https://i.redd.it/crctjozin3dz.jpg,1501581605.0,121,0.98,47,CasualUK,anandgrg
6quytq,About to go on holiday and found a wasps nest in an airbrick. Wish me luck I'm going in...,,http://i.imgur.com/UhyRO0h.jpg,1501577215.0,214,0.95,72,CasualUK,HPB
6quxap,If Facebook AI's transcripts are anything to go by it seems they've created World's first Artificial Chuckle Brothers,,http://imgur.com/a/aRHV1,1501576465.0,183,0.95,20,CasualUK,CultureShipinabottle
6qqr0c,I know Morrison's isn't the most upmarket but I'm not sure this really counts as a proper dinner...,[deleted],http://imgur.com/8012JdZ,1501528903.0,66,0.98,27,CasualUK,[deleted]
6qpoqi,Found a bee on a walk today. It was moving really slowly and I tried to bring it to water and crush a fruit so it can have sugar. After a minute of twitching it stopped. TOD 15:36,,https://i.redd.it/deob2e0pjycz.jpg,1501519779.0,588,0.94,86,CasualUK,mullet4superman
6qplyg,I'm probably a 9 myself.,,https://i.redd.it/b8lguf2rhycz.jpg,1501519133.0,106,0.95,51,CasualUK,Menya_zavoot_dave
6qpeu5,I made a video about some features of British accents!,,https://www.youtube.com/watch?v=kcng5YtuA1E,1501517366.0,54,0.92,53,CasualUK,ExtremeGooseFronting
6qpb87,The wife's new favourite shop.,[deleted],http://i.imgur.com/f0ytUSu.jpg,1501516489.0,75,0.88,7,CasualUK,[deleted]
6qouln,One in eight young people in the UK have never seen a real cow,[deleted],http://www.independent.ie/business/farming/rural-life/one-in-eight-young-people-in-the-uk-have-never-seen-a-real-cow-35984164.html,1501512249.0,66,0.89,55,CasualUK,[deleted]
6qor07,Confession time. Who here hasn't seen a real cow?,"You know who you are, own up.

Around 3000 people in this won't have seen a cow if this is to be believed

http://www.independent.ie/business/farming/rural-life/one-in-eight-young-people-in-the-uk-have-never-seen-a-real-cow-35984164.html",https://www.reddit.com/r/CasualUK/comments/6qor07/confession_time_who_here_hasnt_seen_a_real_cow/,1501511254.0,137,0.98,188,CasualUK,quinn_drummer
6qoge0,Ladybird style on top of a wheelie bin,[deleted],https://i.redd.it/9hxpjfdjlxcz.jpg,1501508297.0,109,0.94,23,CasualUK,[deleted]
6qnyip,My new book.,,http://imgur.com/u4xYCwW,1501502541.0,213,0.91,51,CasualUK,[deleted]
6qn0vb,Van driver gets fine and points for looking at porn at the wheel,,http://metro.co.uk/2017/07/31/van-driver-gets-fine-and-points-for-looking-at-porn-at-the-wheel-6817745/,1501488206.0,64,0.97,12,CasualUK,MrDavidCameronPM
6qmmu7,Police making an entrance (x/post from r/videos),,https://streamable.com/xb147,1501482094.0,180,0.96,57,CasualUK,[deleted]
6qmm96,You know what's funny? American adverts that have been dubbed with English actors for broadcast in this country.,It's always terrible. And they always seem to get early-2000's-doctor-who-side-character-quality actors to do it too. It ends up sounding like a badly animated children's cartoon.,https://www.reddit.com/r/CasualUK/comments/6qmm96/you_know_whats_funny_american_adverts_that_have/,1501481842.0,94,0.96,23,CasualUK,Nicksaurus
6qksyg,Not sure what this means exactly,,http://imgur.com/a/jN3xs,1501458523.0,61,0.98,16,CasualUK,R4dly
6qjg8e,Found in a village church in Kent.,,https://i.redd.it/3dpzc90hascz.jpg,1501444386.0,51,0.95,4,CasualUK,MrDavidCameronPM
6qj7qb,Look at the roast beef I've just had.,,https://i.redd.it/avaamy854scz.jpg,1501441918.0,144,0.95,47,CasualUK,Miserable_Bugger
6qhue7,Brutality from Chris Hoy today,,https://imgur.com/gallery/mmRPs,1501427545.0,569,0.97,8,CasualUK,themanifoldcuriosity
6qh2ey,"Seems like my ""No Parking"" sign is a bit too subtle",,https://i.imgur.com/LqJSmDn.jpg,1501417141.0,79,0.93,46,CasualUK,Sedasys
6qh2au,Supermanchester,,https://imgur.com/tTJ20Lp,1501417084.0,2729,0.95,62,CasualUK,MatrimPaendrag
6qgybd,BT are now so officially rubbish that this gent has resorted to obtaining internet via the Congo.,[deleted],http://www.bbc.co.uk/news/uk-wales-mid-wales-40745533,1501415195.0,82,0.9,12,CasualUK,[deleted]
6qgtsd,Just taking the pet pigeon for a stroll on the tube.,,https://imgur.com/VNkpbVw,1501412751.0,62,0.96,9,CasualUK,[deleted]
6qgk5n,Cinema is so dear these days,"Over ¬£17 a ticket at the Norwich Odeon to see Dunkirk, fucking hell. I admit I've not been to the cinema for ages, but since when was it this expensive outside of London?",https://www.reddit.com/r/CasualUK/comments/6qgk5n/cinema_is_so_dear_these_days/,1501407439.0,50,0.94,76,CasualUK,Ruufles
6qeesi,A mad CGI Doner Kebab Shop sign in Aberdeen,,https://twitter.com/Tamarionette/status/891007847571632128,1501373544.0,162,0.97,22,CasualUK,2O12
6qcpvx,Clown car,,https://i.imgur.com/FwZ62Z2.gifv,1501354593.0,158,0.99,20,CasualUK,[deleted]
6qcpa5,My tribute to the Toad in the Hole aka the greatest British dish ever invented.,,https://imgur.com/FyATq0R,1501354396.0,63,0.89,32,CasualUK,_rickjames
6qcarc,I must say that I absolutely *love* your mum's new walk-in wardrobe...,,http://i.imgur.com/gbvmQYK.jpg,1501350122.0,81,0.94,8,CasualUK,loudribs
6qbzxa,This is the ice cream sundae I had this afternoon. I think I've gone diabetic.,,http://imgur.com/JLRbGsG,1501347002.0,77,0.94,26,CasualUK,[deleted]
6qbp6n,Worcestershire's hidden beauty spot,,https://i.redd.it/vntran6k0kcz.jpg,1501343885.0,982,0.98,47,CasualUK,InappropriateSurname
6qbbnz,This petrol station in York.,,http://i.imgur.com/6nJvTak.jpg,1501339634.0,234,0.98,35,CasualUK,HPB
6qasab,Living by the South Downs is a great place for walkies!,,http://i.imgur.com/cdXcSR7.jpg,1501332433.0,122,0.98,22,CasualUK,mfcneri
6qabud,"The Japanese have ""dozens"" of different KitKat flavours. I think as it was invented here we need to campaign for British flavours.","[Here's what they have.](https://www.theguardian.com/business/2017/jul/28/have-a-break-have-a-wasabi-flavoured-kitkat) What flavours do we need? Aside from steak and kidney pie, obviously.",https://www.reddit.com/r/CasualUK/comments/6qabud/the_japanese_have_dozens_of_different_kitkat/,1501324982.0,86,0.95,57,CasualUK,HarryPoland
6qa4y7,Here's my attempt at making an English breakfast - thoughts/suggestions?,,http://i.imgur.com/00H8vsN.jpg,1501321312.0,108,0.92,145,CasualUK,vladesko
6q9ykd,The safest crossing in England,,https://i.redd.it/48doayb9vhcz.jpg,1501317851.0,266,0.98,35,CasualUK,otterdam
6q9rkr,The Sandwiches of My Childhood,"In no particular order:

* The Sugar Sandwich: You might also call this the poverty sandwich. It is simple buttered bread and sprinkling of sugar.

* The Banana Sandwich: Just slices of Banana between slices of bread. I was actually forced to try this, I just wanted some buttered bread and a Banana but nooo, I wasn't allowed that. Anyway, these are ok but I've never gone back to them.

* The Ham and Crisp Sandwich: People! This is heaven if you get the right ham and crisp combination. I haven't had one in quite a while because I don't need to make packed lunches but I will be having them today. I can't wait. 

Any shameful or joyous sandwiches on your part?

E. My first stickied thread! karma and gold; to the dogs with you! Give me the gorgeous and garish green gilding that garnishes any worthy sub.",https://www.reddit.com/r/CasualUK/comments/6q9rkr/the_sandwiches_of_my_childhood/,1501313967.0,63,0.95,164,CasualUK,EuropoBob
6q9mt0,Asking the important questions.,,https://imgur.com/11SY4ZI,1501311622.0,553,0.9,20,CasualUK,[deleted]
6q88qw,Tricked and betrayed in France!,"It turns out that 'Hula Hoops - Original Flavour' are actually *cheese* flavoured, not salted...

What a travesty!

It's all a continuation of those sneaky bastards and their green ice-cream pretending to be mint when it's fucking pistachio.

Pistachio and sneaky cheese flavours when it should be salty - fuck you, you duplicitous buggers.",https://www.reddit.com/r/CasualUK/comments/6q88qw/tricked_and_betrayed_in_france/,1501292205.0,78,0.96,19,CasualUK,awfulhat
6q7ho0,What is with Americans thinking cats should be kept indoors 24/7?,"That TIL thread has a surprising amount of Americans saying they should be kept inside. It caught me off guard considering we let cats do pretty much whatever they want over here.

I can't imagine going up my road and not seeing the 4 or 5 cats just sitting around and hanging out. My cat would hate sitting indoors all day and he only ventures into our garden, the coward hates it out the front where the other cats roam.

What are your opinions my fellow casuals?",https://www.reddit.com/r/CasualUK/comments/6q7ho0/what_is_with_americans_thinking_cats_should_be/,1501283406.0,54,0.91,61,CasualUK,[deleted]
6q5zig,Has science gone too far?,[deleted],https://i.redd.it/7oytmub6tdcz.jpg,1501268728.0,262,0.98,49,CasualUK,[deleted]
6q5ywr,I completed the UK's longest direct train journey on Wednesday; here's some pictures from the 4 attempts.,,http://imgur.com/a/QXB50,1501268571.0,62,0.94,49,CasualUK,cryptus
6q52mh,got my first tat today and i need somewhere to cry,"hello my guys.

got my first tat today, which i'm super in love with. mum fucking hates it though and has taken to calling me a ""dyke"". so that's fun :))

anyone got any tips on dealing with shitty parents post tattooing 

proof i didn't get ""fuck you"" on my forehead http://i.imgur.com/B0PLGmb.jpg",https://www.reddit.com/r/CasualUK/comments/6q52mh/got_my_first_tat_today_and_i_need_somewhere_to_cry/,1501260588.0,124,0.89,155,CasualUK,malcolmtuckers
6q4gli,There's a new bloke at work and he's just made a tea round...,"...came back in with my mug, but I'm not part of the tea round.

I don't know what to do.",https://www.reddit.com/r/CasualUK/comments/6q4gli/theres_a_new_bloke_at_work_and_hes_just_made_a/,1501255170.0,54,0.93,29,CasualUK,Sniper_Guz
6q3rq4,"Freshest of horrors for new and expecting parents, the Tellytubbies have had kids and you'll probably have to endure it.",,https://i.redd.it/ww3k9k2j4ccz.png,1501248354.0,112,0.97,58,CasualUK,MrDavidCameronPM
6q3bnc,Colourised Bertrand Russell,,http://i.imgur.com/dcgvAYD.png,1501243196.0,84,0.95,10,CasualUK,HarryGoLocky
6q39wx,Ferrari driver writes off new car after an hour on M1 in Barnsley,,http://www.bbc.co.uk/news/uk-england-south-yorkshire-40748897,1501242507.0,60,0.95,25,CasualUK,[deleted]
6q36or,Offer of the year!,[deleted],https://i.imgur.com/6vffr50.jpg,1501241209.0,123,0.95,25,CasualUK,[deleted]
6q2ddo,Swollen hedgehog the size of a beach ball with 'balloon syndrome' rescued by Scottish SPCA vets,,http://www.standard.co.uk/news/uk/swollen-hedgehog-the-size-of-a-beach-ball-rescued-by-scottish-spca-vets-a3596896.html,1501228233.0,77,0.96,22,CasualUK,MrDavidCameronPM
6q2arv,Recent traffic stats - hello to the new subscribers. Please join in !,,http://i.imgur.com/WUGrDRN.png,1501227154.0,270,0.92,133,CasualUK,HPB
6q1wub,I love it when a gamble pays off.,"Walked past the first Greggs on oxford road cause it was packed, second was empty.

Small victories make the world a better place.",https://www.reddit.com/r/CasualUK/comments/6q1wub/i_love_it_when_a_gamble_pays_off/,1501221686.0,100,0.99,34,CasualUK,7UpMojito
6pzv6d,"When you search ""American food"" on Tesco's mobile website, you get pages and pages of pet food",,https://imgur.com/ldArZDr,1501197563.0,143,0.99,30,CasualUK,salutishi
6pzcva,¬£10 Aldi gin is judged one of the best in the world by experts,,http://www.standard.co.uk/shopping/10-aldi-gin-is-judged-one-of-the-best-in-the-world-by-experts-a3597921.html,1501192547.0,87,0.92,34,CasualUK,PhoneySoprano
6pyto5,"Congratulations to England's women at EURO 2017, qualified top of the group with 3 wins out of 3!",,https://www.reddit.com/r/CasualUK/comments/6pyto5/congratulations_to_englands_women_at_euro_2017/,1501187689.0,72,0.92,10,CasualUK,HarryGoLocky
6pypm8,Who remembers this banger??,[deleted],https://youtu.be/UHu_cfy33bY,1501186681.0,82,0.95,27,CasualUK,[deleted]
6py4cn,[x-post from r/dadjokes] England doesn't have a kidney bank but it has a Liverpool,,https://www.reddit.com/r/dadjokes/comments/6pxubb/england_doesnt_have_a_kidney_bank_but_it_has_a/,1501181667.0,63,0.92,10,CasualUK,KumaLumaJuma
6pxwxm,Just an average day on the bus.,"So I was on the bus home when these two (obviously drunk) middle-aged men came upstairs. They were alcoholics, judging by the fact that they held cans of White Ice and were pissed at 6PM. Anyway, They began talking to me, and I played along as amiably as I could.

Then a woman came on and sat near us (presumably she knows them), and we began having a chat. Turns out all of us are from the same council estate, and the the men asked everyone to show their teeth, in a competition of who was more toothless. I had the most. Then the woman, with only one tooth on her upper jaw, brings out a 2L bottle of cider and starts swigging it then and there.

Stay classy, Leeds.",https://www.reddit.com/r/CasualUK/comments/6pxwxm/just_an_average_day_on_the_bus/,1501179911.0,145,0.99,31,CasualUK,[deleted]
6pxucu,"Newcastle, John Dobson Street graffiti",,http://i.imgur.com/N3dlH22.jpg,1501179308.0,886,0.98,40,CasualUK,mlg_mrBigSnipes
6pxcab,I'm unsure whether I like rain because I have lived in England for to long it's like some weird Stockholm syndrome or if I actually just enjoy rain?,,https://www.reddit.com/r/CasualUK/comments/6pxcab/im_unsure_whether_i_like_rain_because_i_have/,1501175106.0,142,0.99,39,CasualUK,Heretogetdownvotes
6px4p0,Gordon Ramsay on Twitter,,https://twitter.com/GordonRamsay/status/890602800459112448,1501173304.0,54,0.92,12,CasualUK,joethesaint
6pw6wn,I've never seen this before. Has science gone too far?,,https://imgur.com/a/TSvLD,1501164831.0,106,0.99,70,CasualUK,[deleted]
6pvfi1,Fight the future!,[deleted],https://i.redd.it/2uqdudwvj4cz.jpg,1501156635.0,604,0.98,41,CasualUK,[deleted]
6pv8io,Bristol - Nothing but class,,https://imgur.com/hSF7kpw,1501153944.0,158,0.99,38,CasualUK,mazzbot
6pv4ty,"Came across an unfamiliar postcode. Looked it up, and...",,https://i.imgur.com/WkHJoxS.png,1501152493.0,340,0.98,69,CasualUK,themanifoldcuriosity
6pv2vj,This guy.,,https://i.redd.it/9gsmp0vi4tbz.jpg,1501151673.0,1456,0.97,52,CasualUK,[deleted]
6pv0zb,I've never visited the UK but while in Mallorca last week my girlfriend forced me to go to Magaluf for a day.,[deleted],https://www.reddit.com/r/CasualUK/comments/6pv0zb/ive_never_visited_the_uk_but_while_in_mallorca/,1501150861.0,92,0.97,76,CasualUK,[deleted]
6puom2,"Consumers have less than three months to spend, bank or donate round ¬£1 coins as the new 12-sided version outnumbers the old for the first time.",,http://www.bbc.co.uk/news/business-40717386,1501145461.0,75,0.95,54,CasualUK,[deleted]
6pum4b,Ever wanted your own luggage reclaim carousel? Or your own travellator? Now's your chance. The contents of Heathrow Terminal 1 are to be auctioned.,,http://cagp.com/events/heathrow-airport-terminal-1/,1501144296.0,87,0.94,14,CasualUK,nick9000
6pukwc,"Right then lads and ladies. Parents are having a joint 70th party this weekend - I'm in charge of the music. I need 8-10 hours of appropriate tunes, so hit me with your recommendations!","For added context, the absolute legend that is my dad literally said last night ""this isn't some sit-down have-a-nice-chat party, but generally about getting as pissed as possible.""

EDIT: Some corkers so far, keep 'em coming! Seems some thrash metal or hardcore electronica is on the cards.",https://www.reddit.com/r/CasualUK/comments/6pukwc/right_then_lads_and_ladies_parents_are_having_a/,1501143724.0,50,0.94,94,CasualUK,tomtomango
6prk1u,British insults,"One of my favourite memories of when I first moved to London two years ago is when I was using the tube for one of the first times and you know how people usually stand to the side before they get on to let people off? 

Well one guy decided he wasn't gonna abide by that unofficial rule and decided to shove his way onto the train quite aggressively, elbows out and all. He got a bunch of dirty looks but my favourite response was from a commuting business guy behind him about to get on the tube who shouted ""YOU INCONSIDERATE SWINE!"" in the most British southern accent. It was glorious.

Anyone heard any other great British insults? ",https://www.reddit.com/r/CasualUK/comments/6prk1u/british_insults/,1501107106.0,102,0.96,175,CasualUK,flubbrt
6pqvtx,This charity's logo looks like an extremely patriotic five-knuckle-shuffle,,http://i.imgur.com/y3kdijE.jpg,1501101012.0,156,0.97,16,CasualUK,Eight_Ace
6pqkkm,Here's a completely random video of a guy going to Tesco petrol station to fill up his tank. An actual military tank.,,http://youtu.be/DLQiUe3HMRs,1501098287.0,60,0.98,60,CasualUK,Kouyate42
6pphzo,Sainsbury's have supplied tags for individuals to put on broken trolleys [X-post r/MildlyInteresting],,https://i.redd.it/b7tcz3p9owbz.jpg,1501089054.0,219,0.98,18,CasualUK,CineArma
6pp4ml,Number of housewives needing sex with any male internet user reaching crisis point,,http://www.thedailymash.co.uk/news/society/number-of-housewives-needing-sex-with-any-male-internet-user-reaching-crisis-point-2014120293427,1501085867.0,58,0.86,9,CasualUK,howdy-doo
6pndc6,Happy Birthday to the big man,,https://imgur.com/VC9jB43,1501067993.0,159,0.97,28,CasualUK,SpeakMouthWords
6pn80a,[Relationship Advice] My SO doesn't keep the bin bags in the cupboard under the sink. Should I leave?,,https://www.reddit.com/r/CasualUK/comments/6pn80a/relationship_advice_my_so_doesnt_keep_the_bin/,1501065981.0,123,0.98,55,CasualUK,GrimQuim
6pn4jl,England as portrayed by a Japanese textbook,,https://m.imgur.com/r/funny/e53vF,1501064550.0,262,0.8,41,CasualUK,dapperdan8
6pn3l6,Mental Health Helplines,"Just a reminder that if anybody on here is suffering from any Mental Health Issues or struggling with something you may need help with there are plenty of people to talk to

Samaritans UK - Phone 116 123

Anxiety UK - Phone: 08444 775 774

No Panic - Phone: 0844 967 4848

PAPYRUS Young Suicide Prevention Society - Phone: HOPElineUK 0800 068 4141 (Mon-Fri,10am-5pm &amp; 7-10pm. Weekends 2-5pm)

Rethink Mental Illness - 0300 5000 927

YoungMinds - Phone: Parents' helpline 0808 802 5544

**Please get the help you need if you need it**",https://www.reddit.com/r/CasualUK/comments/6pn3l6/mental_health_helplines/,1501064145.0,80,0.95,29,CasualUK,HarryGoLocky
6pmind,Britain to ban sale of all diesel and petrol cars and vans from 2040,,https://www.theguardian.com/politics/2017/jul/25/britain-to-ban-sale-of-all-diesel-and-petrol-cars-and-vans-from-2040?CMP=share_btn_fb,1501054677.0,56,0.91,134,CasualUK,siriuslywinchester
6pm3qr,Alright which one of you submitted this letter to Viz?,,http://i.imgur.com/lWW1jMb.jpg,1501048410.0,728,0.96,40,CasualUK,DanezTHEManez
6pj16g,This is what 5 weeks of rail travel looks like.,,https://i.redd.it/kc6mev5ousbz.jpg,1501014985.0,103,0.99,56,CasualUK,biggles1994
6phesu,British section of a US supermarket,,http://imgur.com/5WtepqH,1501001241.0,225,0.98,196,CasualUK,helpmeredditimbored
6pguqx,TRIGGERED! (X-post from /r/MURICA),,https://i.redd.it/qmod5nwjpqbz.jpg,1500996395.0,364,0.95,58,CasualUK,OiCleanShirt
6pg6av,"And through it all, she offers me protection",,https://imgur.com/m4mv1bN,1500990020.0,212,0.95,31,CasualUK,[deleted]
6pg1jt,And in Devon.......,,https://i.redd.it/1dhm2a19oqbz.jpg,1500988608.0,76,0.94,21,CasualUK,roldfield561chipley
6pexmu,Who didn't have one of these as a kid and why didn't your parents love you?,,https://i.redd.it/nhxyjnxsdpbz.jpg,1500973001.0,313,0.83,104,CasualUK,lamby
6pb06v,With the news that MS Paint is shutting down after 32 years. Draw the most British scene you can think of,,https://www.reddit.com/r/CasualUK/comments/6pb06v/with_the_news_that_ms_paint_is_shutting_down/,1500926883.0,100,0.96,38,CasualUK,HarryGoLocky
6p89bx,"""British Potato Chips"" - WTF is this shit!",[deleted],https://i.imgur.com/k1GwQLx.jpg,1500901790.0,177,0.95,48,CasualUK,[deleted]
6p7r5w,The night tube.,,https://imgur.com/Z0p5JnU,1500895478.0,271,0.97,46,CasualUK,[deleted]
6p6xsz,This is the type of London shite my parents warned me about,,http://imgur.com/OAuOnPa,1500882234.0,413,0.95,36,CasualUK,pokawaii
6p55d4,A Cheesy Garlic Bread from Wetherspoons.,,http://i.imgur.com/TxddfJg.png,1500857935.0,354,0.99,62,CasualUK,margaerytyrellscleav
6p1m7f,Saw this smiling face in Whitby,,http://i.imgur.com/0dUQ6tz.jpg,1500820783.0,181,0.97,13,CasualUK,kenbw2
6p18hw,My annual wet and miserable caravan holiday has taken an unexpectedly nice turn,,http://imgur.com/6f3zxRj,1500815853.0,61,0.98,6,CasualUK,snowcr4shed
6p15rw,What a time to be alive...,,https://i.redd.it/sxct1c39bcbz.jpg,1500814760.0,304,0.96,39,CasualUK,Slanderous
6p10b5,This guy forgot to lock the toilet door on the train I'm on. Watched a girl open the doors to see him having a shit. Rammed train n all. Funniest shit I've seen in a while. Literally,[deleted],https://www.reddit.com/r/CasualUK/comments/6p10b5/this_guy_forgot_to_lock_the_toilet_door_on_the/,1500812350.0,177,0.98,41,CasualUK,[deleted]
6p0mil,Forecast for today: why bother?,,https://i.redd.it/5s1tta4bibbz.png,1500805140.0,138,0.99,20,CasualUK,FinKM
6p0m79,Went mental and spent ¬£2 in CEX,,https://i.redd.it/hq24kpr6ibbz.jpg,1500804967.0,204,0.92,79,CasualUK,fisherpriceman
6ozuas,Generation Game to be brought back with Mel and Sue - BBC News,,http://www.bbc.co.uk/news/entertainment-arts-40695631,1500789486.0,62,0.92,23,CasualUK,[deleted]
6oye3a,Everyody hold hands,"https://www.youtube.com/watch?v=qEja72NSg5Q

so my old man, he has stage IV lymphoma. its horrible, my strong dad who taught me to be at least not a twat is really sick. 

Its draining but i wouldnt change it.

I am brought to mind my best friend, his dad died out of the bluue, surprise heart attack. I'm a scared kid. ",https://www.reddit.com/r/CasualUK/comments/6oye3a/everyody_hold_hands/,1500769050.0,51,0.93,7,CasualUK,Letterbocks
6oyder,"Sick Of Waiting For Band, 65,000 Fans Start Singing ""Queen"" Classic In Chilling Unison",,http://faithtap.com/8200/crowd-joins-for-spontaneous-performance-of-queen-classic/,1500768822.0,66,0.89,13,CasualUK,Inamo
6ovowd,Streamer's daughter walks in on him while playing a scary game.,,https://clips.twitch.tv/StylishScrumptiousBobaTheTarFu,1500738833.0,72,0.93,5,CasualUK,[deleted]
6ov5zz,I always knew /u/HPB was secretly a bank,,http://www.sibenik.in/upload/novosti/2016/04/2016-04-08/57769//11.jpg,1500732645.0,61,0.94,26,CasualUK,NEWSBOT3
6ou79s,This model Titanic sinks like the real thing!,,http://i.imgur.com/7cyaNMt.gifv,1500716869.0,419,0.94,26,CasualUK,[deleted]
6ou5j3,British Airways safety video - director's cut,,https://www.youtube.com/watch?v=YCoQwZ9BQ9Q,1500715868.0,48,0.92,5,CasualUK,d0mth0ma5
6otzh8,No vegans!,[deleted],https://www.instagram.com/p/BW10riXDzwx/,1500712493.0,60,0.9,6,CasualUK,[deleted]
6otshk,What's your go-to subreddit?,Mine is Relationships. Cannot beat the real life drama and soap opera of that place.,https://www.reddit.com/r/CasualUK/comments/6otshk/whats_your_goto_subreddit/,1500708658.0,59,0.93,168,CasualUK,ChapterWhatever
6opwbg,I trained an A.I. to generate British placenames. The results were predictable,,https://medium.com/@hondanhon/i-trained-a-neural-net-to-generate-british-placenames-9460e907e4e9,1500662312.0,49,0.84,34,CasualUK,sanchopanza
6ooppx,A map of Britain according to a Sheffielder,,https://i.redd.it/cd84m7mluyaz.jpg,1500651767.0,112,0.94,75,CasualUK,Klumber
6omxkz,Map of Scotland in a Lord of Rings kinda style,,https://i.redd.it/pinf7lmv3xaz.png,1500630724.0,441,0.93,42,CasualUK,Catses
6omgms,Justice at last- Van Dyke apologises for Cockney accent,,https://www.google.co.uk/amp/news.sky.com/story/amp/dick-van-dyke-sorry-for-most-atrocious-cockney-accent-in-movie-history-10955874,1500622853.0,78,0.97,29,CasualUK,Toasterfire
6ojp3r,Take a Break is the UK's most circulated women's magazines. With front pages like this I can see why...,,https://snusercontent.global.ssl.fastly.net/member-profile-full/40/1845440_3444278.jpg,1500588754.0,59,0.99,42,CasualUK,_rickjames
6oim05,The thing I miss most about shopping in Lidl...,"... is their no-nonsense, ""bag your shit and get the fuck out of my shop"" checkout policy. Once we went in there with three people briefed and ready to pack as fast as humanly possible and we *still* couldn't keep up with the guy throwing things through the scanner. It's amazing. You get out of that shop *so* fast when you're done selecting junk food and cheap continental hams.

I was reminded of this in a normal supermarket today by having to wait a vast, yawning eternity for people to sort their shit out - firstly for a couple to play the most careful, drawn-out game of shopping bag Tetris with every item, then for a woman to artfully arrange all her items in the bagging area without bagging them, then bag them carefully one by one while the checkout assistant meekly waited for payment. There's no way Lidl would have put up with that. They'd have kicked all the shopping on the floor and started serving the next person at breakneck speed without a single word. They know full well the point at which polite service just becomes the tragedy of the commons.",https://www.reddit.com/r/CasualUK/comments/6oim05/the_thing_i_miss_most_about_shopping_in_lidl/,1500578882.0,114,0.95,54,CasualUK,TimberwolfK
6ohj7b,My GP Surgery hired new receptionist with a dark sense of humour,"Very enthusiastic and friendly man in early 20's (probably his first day on the job).  
  
Here is how our conversation:  
  
**Receptionist**: So what's your date of birth?  
  
**Me**: 9/11/XXXX  
  
**Excited receptionist**: Such a date is hard to forget!  
  
I was confused for a second, but realized the meaning of the joke after looking at his beard and skin tone - he was most likely referring to ""The 9.11"".  
  
**Me**: Oh yes! True! But it is not the same 9/11. Americans write their dates incorrectly.  
  
**Receptionist**: Yes, you are right. It was September 11 not November the 9th. Idiots.  
**Me**: Yes. Idiots.
  
After this we went straight to business and the rest of our conversation was much more formal. I don't think he will last long on the job with this kind of sense of humour, but he honestly made my day.
",https://www.reddit.com/r/CasualUK/comments/6ohj7b/my_gp_surgery_hired_new_receptionist_with_a_dark/,1500569639.0,71,0.96,10,CasualUK,Nekotudeer
6ogzba,Thanks CasualUK!!,"Hi All,

Some of you may remember filling out this survey for me a few months ago about energy suppliers for my dissertation.

https://www.reddit.com/r/CasualUK/comments/68tjyz/please_help_a_fellow_brit_smash_his_dissertation/ 

Finally got my results back yesterday and i received 72% for the dissertation and a 2.1 for my degree overall, so thanks to you all for your small but important contribution!


",https://www.reddit.com/r/CasualUK/comments/6ogzba/thanks_casualuk/,1500564716.0,92,0.97,12,CasualUK,Throwaway26258
6og5ln,I have a Swedish friend who only ever wants to go to Colchester,"I was fine with my other Swedish friends who preferred Brighton over London. That is cool with me.

However, this one. Whenever we talk, she is always ""Colchester is the most amazing place in England""

If I didn't know better, I would say she works for the Colchester tourist board.

So, any people from Colchester. Please give me the merits of your...place (I don't even know if you are a town or city)",https://www.reddit.com/r/CasualUK/comments/6og5ln/i_have_a_swedish_friend_who_only_ever_wants_to_go/,1500556549.0,54,0.97,50,CasualUK,[deleted]
6ofvjl,5 door car door in a 3 door car,,https://i.redd.it/05fv7tezpqaz.jpg,1500553386.0,271,1.0,13,CasualUK,Sparx808
6oft1f,"British Plugs Are Better Than All Other Plugs, And Here's Why",,https://youtu.be/UEfP1OKKz_Q,1500552523.0,393,0.96,96,CasualUK,Kouyate42
6ofqcu,Ban this sick filth,[deleted],https://i.imgur.com/eIqQ0xu.jpg,1500551575.0,171,0.93,61,CasualUK,[deleted]
6oexfg,Good! I was getting concerned.,,https://i.redd.it/1hcrgvkgjpaz.jpg,1500539151.0,87,0.97,22,CasualUK,EuropoBob
6oen9m,Nation grimly resolves to listen to Chris Evans in attempt to get value for money,,http://newsthump.com/2017/07/19/nation-grimly-resolves-to-listen-to-chris-evans-in-attempt-to-get-value-for-money/,1500534488.0,238,0.92,91,CasualUK,Toasterfire
6o8hvf,There's a Printers near where I work. Just walked past them and saw this on the road outside their office.,,http://i.imgur.com/QVR0pJS.jpg,1500471394.0,59,0.91,10,CasualUK,HPB
6o89z5,"If anyone's up for a sly one after work, I'll be at the Dave.",,http://imgur.com/5KtXyCD,1500469040.0,310,0.96,57,CasualUK,PhysicsHelp
6o7qm6,Let's have your favourite statue in the UK.,A personal highlight of mine is the recently unveiled statue of [King Arthur at Tintagel Castle](https://www.visitcornwall.com/sites/default/files/Tintagel%20Castle%20-%20Matthew%20Jessop-%2001%20July%202016%202.jpg),https://www.reddit.com/r/CasualUK/comments/6o7qm6/lets_have_your_favourite_statue_in_the_uk/,1500462159.0,63,0.95,71,CasualUK,SamCooper07
6o7iom,Anyone got a time machine I can borrow?,,https://i.redd.it/9oppmvivwiaz.jpg,1500458806.0,104,0.97,26,CasualUK,biggles1994
6o73pw,My parcel was left in the bin....and then emptied,"The lovely my Hermes delivered a parcel this week when I've been away and left it in the recycle bin on Monday, Tuesday was bin day. 
Having gotten home late last night I now don't have my parcel :(",https://www.reddit.com/r/CasualUK/comments/6o73pw/my_parcel_was_left_in_the_binand_then_emptied/,1500451990.0,61,0.99,37,CasualUK,GFoxtrot
6o6yy2,The Weakest Link is coming back to TV ‚Äì complete with Anne Robinson,,http://metro.co.uk/2017/07/19/the-weakest-link-is-coming-back-to-tv-complete-with-anne-robinson-6789860/,1500449732.0,49,0.88,33,CasualUK,[deleted]
6o6x12,"Socks didn't dry overnight in the tumble dryer, only one thing for it.",,http://i.imgur.com/GxWSGtM.jpg,1500448889.0,120,0.94,61,CasualUK,HPB
6o3t3s,"Oop, sorry.",,https://i.redd.it/zwim1o633faz.jpg,1500412467.0,297,0.97,18,CasualUK,Foggy1999
6o07x1,"""Just going for a quick pint""",[deleted],https://i.imgur.com/DcmkOjR.jpg,1500378179.0,342,0.94,73,CasualUK,[deleted]
6nz9m5,"Man who's collected over 9,000 beer cans in 40 years is finally getting rid of them - and it's down to his wife",,http://www.mirror.co.uk/news/weird-news/man-whos-collected-over-9000-10816432,1500363191.0,49,0.92,33,CasualUK,MrDavidCameronPM
6nuf0b,"""An open letter to Glastonbury, from a victim. When a music festival is more than just a music festival."" It was difficult to read because something got in my eyes...",,http://www.newstatesman.com/culture/music-theatre/2017/07/open-letter-glastonbury-victim,1500311140.0,119,0.95,16,CasualUK,LuvvedIt
6nsxgx,"New Rule, please have a look!","When I made the sub things were peachier than a big peach, but /u/jptoc advised that it would go to shit at 15,000 subscribers. ""Balderdash and piffle"" I exclaimed in his face. And for the most part I was right *but* I think we can do better, so I have devised a new rule to just keep things the way they were ""in the good old days (March 2017)"".    
  
1. **If you have nothing to add, please don't comment in the thread**  
  
There have been a few threads recently (Glastonbury and Dr Who spring straight to mind) where people have just written something like ""Who cares, this is shit"". Clearly you do care if you've taken the time to write that... I will be removing comments like that and sending a gentle reminder to stop pissing on bonfires. 
 
If the question is ""what do you think about X?"" you are more than welcome to say ""I don't like it because..."" as you're contributing to the conversation. But telling us you hate football in a football thread offers nothing. 
    
  
**A gentle reminder for another rule that I think has fallen besides the roadside** 

1. **Be welcoming**
 
Quite a few of our posts have started hitting /r/All because we're big time, and this leads a few of our friends across the pond to join us on the sub and ask a seemingly ""silly"" question to us Brits, and I've seen them on -20 for asking things like ""what is a crumpet??"" 
 
**Be welcoming**. This is not a sanctuary of the Brits where we gurn at the foreign people coming to join us. I want us to be welcoming to our friends around the world, I want us to be telling them stories of what we get up to, offering advice on where to visit in the UK etc. etc.  
  
You guys are very good at reporting things where Politics has cropped up but please do it for the other rules too! We don't *just* want to keep polos away, we want to keep the bitter, unhelpful and just plain rude comments out too. 
 
Thanks all!",https://www.reddit.com/r/CasualUK/comments/6nsxgx/new_rule_please_have_a_look/,1500296665.0,126,0.95,83,CasualUK,[deleted]
6nscqw,American toilets are fucking barbaric,I suppose if I want to chat with the fella next to me whilst having a shit this would be great but the thought never occurred to me ,https://www.reddit.com/r/CasualUK/comments/6nscqw/american_toilets_are_fucking_barbaric/,1500289159.0,59,0.94,66,CasualUK,WessexChap
6ns9zg,My shot of Lewis Hamilton speeding through Brooklands at Silverstone in 2017,,https://i.redd.it/cgoh7baos4az.jpg,1500287943.0,220,0.97,50,CasualUK,Fireproof_Creative
6ns64o,They're not mincing their words down at Leeds Market...,,http://i.imgur.com/QzdA2k1.jpg,1500286261.0,712,0.94,130,CasualUK,loudribs
6nr91b,The Toxic Blue Lagoon of Buxton,,https://www.youtube.com/watch?v=wVBZLoNffPw,1500270954.0,71,0.95,27,CasualUK,[deleted]
6nnrn7,"UK 1942, dark days. You decide to set up a factory. How do you help the war effort ? Tanks ? Ships ? Bombs ? Bullets ? Nope...",,http://i.imgur.com/DywKD0z.jpg,1500229814.0,173,0.94,40,CasualUK,HPB
6nmqy6,"Doctor Who's 13th Time Lord will be Jodie Whittaker, star of crime drama Broadchurch",[deleted],http://www.bbc.co.uk/news/entertainment-arts-40624288,1500219085.0,108,0.86,208,CasualUK,[deleted]
6nmjqe,Congratulations to Roger Federer on winning your role as the new Doctor #doctor13,,https://www.reddit.com/r/CasualUK/comments/6nmjqe/congratulations_to_roger_federer_on_winning_your/,1500216783.0,71,0.94,16,CasualUK,CaptainPedge
6nlnik,Found a mod on Twitter,[deleted],https://i.imgur.com/v45gfIG.png,1500202609.0,78,0.91,16,CasualUK,[deleted]
6nlbsp,Exaggerated relief map of the British Isles [5000 x 5000] (xpost from r/MapPorn),,http://i.imgur.com/pjNWDcl.jpg,1500195877.0,610,0.95,70,CasualUK,FaultyTerror
6nf2fd,Is this the best van in the whole of UK?,,https://imgur.com/xehXFhe,1500110770.0,80,0.92,23,CasualUK,_rickjames
6nezif,Newcastle Airport Arrivals. Welcome to the North East.,,http://i.imgur.com/lNGRMH4.jpg,1500109125.0,125,0.99,31,CasualUK,HPB
6nez8i,"""Propaganda"" is something cockney's do when they really look at something.",,https://www.reddit.com/r/CasualUK/comments/6nez8i/propaganda_is_something_cockneys_do_when_they/,1500108955.0,2833,0.95,74,CasualUK,[deleted]
6naid9,"The ""Middle-aged UK Pub Male"" Starterpack ‚Ä¢ r/starterpacks",,https://www.reddit.com/r/starterpacks/comments/6n8tdp/the_middleaged_uk_pub_male_starterpack/,1500053208.0,106,0.98,18,CasualUK,nahuralrightmate
6n9mxm,"Sorry for the rubbish photo - i had some bananas that were going off, so i sliced them in two and scored them with a knife to help the butterflies. After 3 days it's working! There's six butterflies feeding off it. Don't chuck ya narnies, give em to the butterflies, they need help.",,https://i.redd.it/ljzqh0ytqk9z.jpg,1500045140.0,108,0.98,32,CasualUK,IchBinDragonSurfer
6n940x,Canterbury around the 14th century (x-post /r/papertowns),,https://i.imgur.com/ifbLrYj.jpg,1500039929.0,65,0.99,10,CasualUK,wildeastmofo
6n8tyu,Cyber Crime,[deleted],https://i.imgur.com/Z9dHJjL.png,1500036793.0,97,0.99,18,CasualUK,[deleted]
6n8rb0,"""Dr Who marries a Dalek"" - by Jim'll Paint It",,https://i.imgur.com/biHbKEs.jpg,1500035898.0,104,0.97,20,CasualUK,BedSideCabinet
6n82jm,Double take needed at Sainsbury's,,http://i.imgur.com/lfVOR8m.jpg,1500026150.0,275,0.95,57,CasualUK,gbtf
6n2wi7,found a real 70s relic today,,http://imgur.com/a/Qhuu8,1499964941.0,80,0.99,41,CasualUK,[deleted]
6n1f49,Free Cineworld Tickets,"I get 6 Cineworld standard 2D tickets a year as a ""benefit"" from my bank account.

So, I saw a post on /r/AskUK about someone who wanted to go to the cinema with his/her son, and I realised I had some free tickets. I've already dispatched two to those good folks.

Now, I have three left that expire at the end of this month. I get another 6 tickets in August, and I'm not going to use them myself.

If you fancy them, please post a funny image/photo of your life and state how many tickets you require (maximum 2, so I can do this again)...

Competition Closes: MIDNIGHT TONIGHT

**WINNER: /u/romangeezer (2 Tickets)**

**2nd PRIZE: /u/C-137PrincipalVagina (1 Ticket)**

T&amp;Cs: 

* Most upvoted comment with image/photo and ticket numbers required wins (maximum 2 tickets)
* Can be used for Adult or Child ticket
* 2D performances only (you can upgrade to 3D/4D for a small charge)
* I believe you have to book online with the ticket codes

Proof: http://imgur.com/cgJ64ix (QR code and number cropped)",https://www.reddit.com/r/CasualUK/comments/6n1f49/free_cineworld_tickets/,1499950471.0,98,0.95,33,CasualUK,FawnWig
6n0sbj,Confession time: crap office pranks,"A few years ago I used to be employed by a small tech startup, where I worked with a guy called Theo. We were the classical bad influences on each other - if we'd been schoolkids, we'd have been the ones the teacher splits up before they've even sat down. Left to our own devices, we'd have each been fine and upstanding office citizens, barring a tendency to giggle at silly ideas every once in a while. Unfortunately, sitting next to each other we had a tendency to egg each other on to the implementation phase, putting stickers on the bottom of mice, unplugging keyboards, encasing things in jelly, and so on.

Sitting opposite us was a tech lead, who we got on with pretty well. This guy was obsessed about getting too hot at work, so he'd dragged a massive freestanding fan (which was supposed to be for the whole office) right next to his desk and had it running at full speed from pretty much March to October.

One day I was chatting to Theo and happened to mention that one of the more enterprising young souls in our old sixth form college had emptied an entire pack of Skittles into a fan once, which was generally agreed to be excellent as it had made a massively catastrophic noise and pinged Skittles and bits of Skittles fucking *everywhere*, to the point that we were still finding them in that classroom on the top of shelves and at the back of cupboards weeks later.

Now, had we not been bad influences on each other this would have passed with a nostalgic smile and a comment on simpler times, and we'd have got back to deserialising XML or whatever we were doing. Unfortunately, this was the point at which Theo helpfully suggested, ""there's a load of those little paper sticks full of sugar in the kitchen, we should get some of those and put them in the tech lead's fan"". So off we trooped to the little communal kitchen, scooped ourselves up a couple of fistfuls of sugar sachets, and returned to the office. We sidled up to said tech lead's desk, ostensibly to ask him about some detail of an API, and dumped a load of sugar sticks in his fan.

It was ace. We were expecting most of them to just fall through the fan, bounce around and make a bit of a racket, but instead it blasted open the paper containers with the fan blades and blew this massive cloud of sugar at high velocity directly into the tech lead's face. As a surprisingly forgiving soul he wasn't sure whether to be angry or find the whole thing hilarious, so ended up yelling for a bit before going for a cup of tea with us.

From that point on, it became our done thing to carry a sugar stick when talking to that tech lead, and gradually trickle small amounts into his fan until he noticed and yelled at us again. We were the worst co-workers. Eventually Theo left and we moved into a more professional-looking office where such antics were monitored more closely, although I do recall some weeks later a telephone call with our old landlords about deductions for, ""several broken floor tiles and an unusual quantity of sugar in one corner of the office"".

What have you done to make your colleagues' lives a consistent misery?",https://www.reddit.com/r/CasualUK/comments/6n0sbj/confession_time_crap_office_pranks/,1499941922.0,68,0.96,61,CasualUK,TimberwolfK
6n0qrc,The new UI on the self service tills at Sainsbury's...,"So there is a good chance at least one of the 15,794 people we've got here is in some way responsible for this utter monstrosity.

Can we shame you in public?

Why is the new UI so slow.  Why are the icons so small as if to purposefully hurt the visually less able?  Why can I completely bypass the bag screen if I put something out then back off the scale whilst going to pay?  Does your mother know what you do for a living or do you tell them it's PHP so you are less shamed?",https://www.reddit.com/r/CasualUK/comments/6n0qrc/the_new_ui_on_the_self_service_tills_at_sainsburys/,1499941279.0,84,0.98,78,CasualUK,TheAnimus
6n0c7o,"I can't be the only one who thinks ""that bloke's got a cheese grater on his willy"" whenever I see this road sign",,http://www.old-bus-photos.co.uk/wp-content/uploads/2011/12/CIMG1273.jpg,1499934638.0,167,0.93,34,CasualUK,[deleted]
6n0a3p,"Men of the York &amp; Lancaster Regiment rest whilst on patrol, Burma, July 1944.",[deleted],http://media.iwm.org.uk/ciim5/48/402/large_000000.jpg?action=d&amp;cat=photographs,1499933669.0,72,0.93,22,CasualUK,[deleted]
6mwaa3,"Sorry, Marks and Sparks :(",,http://imgur.com/WUfdkoM,1499887598.0,467,0.96,31,CasualUK,[deleted]
6mv5pj,Spotted in London. You're a long way from home.,,https://imgur.com/AskRlGI,1499877720.0,338,1.0,40,CasualUK,[deleted]
6mulir,Tips and Tricks for those in the UK feeling lonely,"Register a domain name with 1&amp;1. Currently a promo for a free domain for a year OR just pay the 99p per year, I don't care. I am not including an affiliate link anyway. I would rather shoot myself.

Make sure you put in your REAL phone number.

Within about 10 minutes you will start to get calls. DOZENS of them. These continue for about a year.

Has happened every single time I register a domain name with them (only use their free offers). This is DESPITE domain name privacy being on, so they sell my information on!

Anyway, gives you somebody to talk to. Great for combatting loneliness. ",https://www.reddit.com/r/CasualUK/comments/6mulir/tips_and_tricks_for_those_in_the_uk_feeling_lonely/,1499872703.0,225,0.96,56,CasualUK,[deleted]
6mt232,"Workmen and labourers, is everything okay?",[deleted],https://www.reddit.com/r/CasualUK/comments/6mt232/workmen_and_labourers_is_everything_okay/,1499855112.0,111,0.98,63,CasualUK,[deleted]
6msg47,Murder on the streets of London.,,https://imgur.com/Zm82zXV,1499844998.0,93,0.91,20,CasualUK,[deleted]
6ms7i4,Not a bad start to a few days off,[deleted],http://imgur.com/cFQCC9L,1499841291.0,126,0.94,61,CasualUK,[deleted]
6mobvs,Southern Rail had a work experience lad called Eddie on their Twitter today answering questions. He did very well!,,https://twitter.com/SouthernRailUK/status/884769193366867968,1499799186.0,118,0.98,11,CasualUK,jptoc
6mo9vr,Spotted in Birmingham.,,https://i.redd.it/xvuuto81e09z.jpg,1499798696.0,484,0.98,27,CasualUK,Menya_zavoot_dave
6mnwlo,Don't leave Jelly Babies in hot cars.,,https://i.redd.it/agf07rr8409z.jpg,1499795483.0,63,0.97,18,CasualUK,___Steve
6mnp2b,That's it. I'm staying out of County Durham.,,https://imgur.com/Q4lvbaS,1499793647.0,79,0.96,18,CasualUK,itskieran
6mmc0w,When you hit the dirt so hard you turn British.,,http://i.imgur.com/niBPsGG.gifv,1499781118.0,168,0.97,11,CasualUK,[deleted]
6mlya9,Did somebody ask for a Casual UK Snoo?,,http://i.imgur.com/mHBgCZH.png,1499776898.0,58,0.85,43,CasualUK,ryangoldfish5
6mlxuz,Can someone tell me what episode of The Thick of It this is?,,https://i.redd.it/8cql6ngqky8z.png,1499776765.0,80,0.98,9,CasualUK,Shhhhhsleep
6ml9kx,Apparently these opening hours are acceptable in the UK,,https://i.redd.it/s25vindftx8z.jpg,1499767575.0,116,0.99,12,CasualUK,UnderContra
6mkzh4,Hmmm,,https://i.redd.it/dy0awqlmfx8z.jpg,1499762948.0,597,0.97,25,CasualUK,JXDB
dovvyg,"My little brother is on holiday in Italy. He's in a town that describes itself as ""The Manchester of Italy""",,https://i.redd.it/zplli6jgkjv31.jpg,1572381664.0,230,1.0,38,CasualUK,eddiels6
dovfqi,About time!,,https://i.redd.it/hsvbdiooejv31.jpg,1572379837.0,1869,0.98,86,CasualUK,babateeth
dov08y,There's always one....,,https://i.redd.it/c6xfzg3t9jv31.png,1572378108.0,72,0.96,1,CasualUK,phenson23
dosn5y,When you see your mates in the pub but you‚Äôre stuck shopping with the missus,,https://v.redd.it/hxmwtq10giv31,1572368202.0,730,0.96,18,CasualUK,Ringodadingo
dos9or,Any excuse not to travel to Bromsgrove,,https://i.redd.it/b6weurbpbiv31.jpg,1572366626.0,425,1.0,51,CasualUK,Fallen_Bubbles
dorhov,Another consonant please Rachel.,,https://i.redd.it/mc6bcd1o1iv31.jpg,1572363238.0,7799,0.98,122,CasualUK,Pugfelix
dorbqb,Marine-themed mural made out of pumpkins and squashes at Slindon Pumpkins in West Sussex,,https://i.redd.it/x6t6d7i5zhv31.jpg,1572362518.0,76,0.96,2,CasualUK,CasualGlam87
dor53a,Lush bit of South Devon,,https://i.redd.it/oywihbq2xhv31.jpg,1572361712.0,208,0.98,17,CasualUK,_MicroWave_
doqbrv,I cycled through all the streets Central London,,https://v.redd.it/m3hinhdpahv31,1572358113.0,916,0.98,53,CasualUK,davisvilums
doq1af,Which one of you did this?,,https://i.redd.it/684gd0dgihv31.jpg,1572356778.0,1013,0.98,34,CasualUK,coolduucks
doptx8,Passed my driving test this morning so I'm celebrating with a Cornetto while the sun perks through the clouds :),,https://i.redd.it/jyceowbkfhv31.jpg,1572355806.0,1100,0.95,162,CasualUK,Von_Krum
doppj3,Who the F is this joke of an imposter?,,https://i.redd.it/u1tra6ptdhv31.png,1572355226.0,168,0.96,35,CasualUK,pashbrown
dopmbv,Foam your own waaaayyy,,https://i.redd.it/jcax9lmkchv31.jpg,1572354800.0,186,0.94,6,CasualUK,macjigiddy
dophj1,"At work today, We knocked down and old wall, found this little blast from the past in the cavity.",[deleted],https://i.redd.it/89y9fiaoahv31.png,1572354168.0,182,0.99,31,CasualUK,[deleted]
dop8uo,My local pub making the best of it with the flooding in Worcester.,,https://i.redd.it/e2hrvrb47hv31.png,1572352964.0,213,0.99,11,CasualUK,Hyperion1221
doolgl,Saw these two fixing a sign in Hyde Park yesterday,,https://i.redd.it/ypf49tq9ngv31.png,1572349293.0,89,0.97,7,CasualUK,Cooper0505
dooids,Wales is amazing.,,https://i.redd.it/vgyzpvkmugv31.jpg,1572348763.0,151,0.97,13,CasualUK,ABraines
doo8ap,Spooky mist over the Avon this morning,,https://imgur.com/Fm48dN4,1572346973.0,84,0.99,3,CasualUK,OctaneHigh
donxni,The first 40 years of the boy‚Äôs childhood are the most difficult,,https://v.redd.it/aencv419bdv31,1572344918.0,531,0.98,4,CasualUK,this-here
donmxz,So I definitely can't go in then?,,https://i.redd.it/6ufr8so8dgv31.jpg,1572342954.0,118,1.0,18,CasualUK,Ivyleaf3
doml21,Those of you who remember The Hoobs - this is IMDb's parents guide for it. EXACTLY as I remember jt!,,https://i.redd.it/hqpee62eqfv31.jpg,1572335232.0,95,0.94,6,CasualUK,choatyflameflomp
doikw3,Friend of mine saw this outside the tube station...,,https://v.redd.it/wotpk651qdv31,1572310938.0,161,0.97,55,CasualUK,lfymsa001
dog7n9,Those midgets sure love Wetherspoons coffee,,https://i.redd.it/jtx8prtztcv31.png,1572300123.0,67,0.94,15,CasualUK,londonnah
dofw1s,How did it take me 33 years to see that this guy is wearing boots??,,https://i.redd.it/fmr78btupcv31.jpg,1572298731.0,118,0.96,22,CasualUK,Mr-E-Droflah
dofjxi,A local pub has gone all in to raise money for the poppy appeal + help for heroes,,https://i.redd.it/jvajqggzlcv31.png,1572297431.0,81,0.88,20,CasualUK,TechnoGlobeTrotter
dof9x2,No ta.,[deleted],https://i.redd.it/lldi9byticv31.png,1572296372.0,244,1.0,26,CasualUK,[deleted]
doeid2,Swear busses used to be much bigger than this.,,https://i.redd.it/424kkyi3acv31.jpg,1572293432.0,725,0.98,58,CasualUK,DontPokeMe91
doebtt,"Chapel Porth, Cornwall",,https://i.redd.it/cil62on28cv31.png,1572292753.0,71,0.97,6,CasualUK,Compass_Needle
doe7cs,I have never seen this before ever!! Didn‚Äôt even need to put my hand half way in! Do I buy a lottery ticket?,,https://i.redd.it/fxwbuq5n6cv31.jpg,1572292271.0,62,0.88,9,CasualUK,andthenhekissedme
dodqtw,Fun time taking this 42inch tele from East Barnet to Battersea on the tube today,,https://i.redd.it/qsfm0zcc1cv31.jpg,1572290487.0,78,0.94,17,CasualUK,razer45fridge
docth3,What is happening,,https://imgur.com/4hEcxkR,1572286882.0,141,0.95,52,CasualUK,scisteve
doca8w,Remember Tugs?,,https://i.redd.it/69aipng8kbv31.jpg,1572284734.0,121,0.98,34,CasualUK,mattzaliar
doc30b,"Gamekeepers Pond, Mistley, Essex UK",,https://i.redd.it/5hjx4lslhbv31.jpg,1572283859.0,59,0.99,4,CasualUK,[deleted]
dobba5,Spot the steam train,,https://i.redd.it/1xgjgdkt7bv31.jpg,1572280562.0,111,0.99,13,CasualUK,haphazard1964
dob9be,"Following your recommendations beautiful people of reddit, I've made it to Tynemouth, No Regrets !!",,https://v.redd.it/4zx3ns807bv31,1572280319.0,86,0.97,17,CasualUK,StronkBushman
doawx1,Working from home today and this little guy hops onto my chair to watch me work. I hope he learns a lot about my job.,,https://i.redd.it/ejkvlymo2bv31.jpg,1572278835.0,265,0.97,26,CasualUK,Mikeltee
doad9w,I told my son he can crack the Chocolate Orange at the top of High Willhays tor,,https://i.imgur.com/dG4Zh5f.jpg?1,1572276438.0,146,0.98,7,CasualUK,mookx
do9v8a,Last time I pick-up the first packet on the shelf.,,https://i.redd.it/7r0bkklzoav31.jpg,1572274228.0,101,0.97,20,CasualUK,Faceai
do96xh,"No forks in the office to eat my noodles. Improvise, adapt, overcome.",[deleted],https://i.redd.it/cvr61z3nfav31.jpg,1572271082.0,317,0.96,46,CasualUK,[deleted]
do8pv8,"50p for a bloody Moam Stripe, I am flabbergasted.",,https://i.redd.it/b0jonhxg8av31.png,1572268708.0,125,0.98,25,CasualUK,[deleted]
do8lkz,Bought a paella from Iceland. This is their idea of a prawn...,,https://i.redd.it/8ti7smiq6av31.jpg,1572268092.0,85,0.94,28,CasualUK,Hungry_4_H
do8acc,On the M25 this morning,,https://i.redd.it/4lw6wunw1av31.jpg,1572266463.0,115,0.97,36,CasualUK,jasondoesstuff
do83kk,"Having some snacks in the evening, go to dip the humous and find Chuckles",,https://i.redd.it/6jwxubcuy9v31.jpg,1572265432.0,99,0.97,21,CasualUK,bobfric
do7zu3,I apparently live in Silent-Hill-Upon-Avon,,https://i.redd.it/9dw5oix1x9v31.jpg,1572264834.0,444,0.99,30,CasualUK,Ellianation
do7t7i,"In salt lake city no less, was thrilled",,https://i.redd.it/3oemvfuvt9v31.jpg,1572263766.0,225,0.98,35,CasualUK,randaloo1973
do7svv,BBC business already hyped for Dragonball Z coming to Netflix.,[deleted],https://i.redd.it/xjwxz04mt9v31.png,1572263703.0,84,0.92,7,CasualUK,[deleted]
do7a9w,London at night from my plane journey last night.,,https://i.redd.it/ysgiazlbk9v31.jpg,1572260552.0,606,0.98,57,CasualUK,qwertyson96
do6t1w,"Visited the beach of my childhood summer holidays for the first time in years this weekend, it‚Äôs exactly as I remember (Lochinver, North West Scotland)",,https://i.redd.it/q4iynpjta9v31.png,1572257357.0,78,0.99,1,CasualUK,OliviaAmazing
do6csx,Best urinals I've seen in a long time.,,https://imgur.com/lKr0jun.jpg,1572254039.0,113,0.92,25,CasualUK,26326312
do69fj,I agree and feel for this person. Spitters are disgosten!,[deleted],https://i.redd.it/a8cs8fnvy8v31.jpg,1572253341.0,153,0.99,39,CasualUK,[deleted]
do5tz1,Their train ads are somehow more repetitive than the TV ads.,,https://i.imgur.com/3VingKQ.jpg,1572249952.0,130,0.99,17,CasualUK,UKphysicsman
do5iol,An extra hour,,https://i.redd.it/b7qqyg9nh8v31.png,1572247543.0,21222,0.9,682,CasualUK,Jonesy27
do55cb,Driving over Pendle Hill in the evening is always wonderful,,https://i.redd.it/if85lc0898v31.jpg,1572244714.0,85,0.95,11,CasualUK,[deleted]
do07g9,"Lovely to see that after two price rises in two years, Virgin Media don‚Äôt do bills any more. Nope, I now get ‚Äúvalue statements‚Äù instead.",,https://i.imgur.com/7VwviES.jpg,1572215578.0,62,0.93,17,CasualUK,AnusMcBumhole
do04xh,"My first visit to Newcastle, Impressive !",,https://i.redd.it/dz5pcdtkt5v31.jpg,1572215238.0,407,0.98,39,CasualUK,StronkBushman
do017u,A bloke I saw on the A1 is clearly getting into the Halloween spirit.,,https://i.redd.it/wpq6sbf0s5v31.png,1572214709.0,218,0.99,8,CasualUK,philosophicalquokka
dnxk68,my housemate is having sex in the living room whilst im cooking my dinner,what music should i cook to,https://www.reddit.com/r/CasualUK/comments/dnxk68/my_housemate_is_having_sex_in_the_living_room/,1572201423.0,87,0.97,141,CasualUK,moonbyjonghyun
dnx8jc,Oxford üòç,,https://i.redd.it/rvvna70bk4v31.jpg,1572200013.0,61,0.94,9,CasualUK,healthylivinguk
dnx4s9,"In these times of uncertainty, you'll be pleased to know that we can still count on the BBC for high-quality journalism.",,https://imgur.com/BH82ISL,1572199574.0,265,0.98,12,CasualUK,Daregveda
dnwawt,Drivers patiently waiting for a family of swans to cross between two lakes.,,https://i.redd.it/8bhembv484v31.png,1572195965.0,117,1.0,19,CasualUK,Overthinker75
dnvqcp,TIL that dormice sleep like this. I may have let out a small *squee*,,https://i.redd.it/ho3fq7ch14v31.png,1572193679.0,859,0.98,30,CasualUK,vbloke
dnuwd1,"Ah yes, the typical British playground.",,https://i.redd.it/8h8u6ol6r3v31.png,1572190218.0,113,0.98,32,CasualUK,English_Joe
dnubhp,Quality in Nike factory stores has gone down recently,,https://i.redd.it/jw7sli56k3v31.png,1572187867.0,84,0.96,2,CasualUK,AxeManDude
dntu2d,Thanks Aldi. A successful trick in the run-up to Halloween,,https://v.redd.it/p3uaxrojd3v31,1572185768.0,224,0.98,26,CasualUK,ClassicFlavour
dnsyv2,Clearly taxi driving is more lucrative than I thought,,https://i.redd.it/equ0nnah13v31.jpg,1572181605.0,144,0.99,48,CasualUK,Arse-biscuits
dnst8x,"Sunday by the Embankment, Bedford. Lovely UK morning",,https://v.redd.it/ms69ddrqy2v31,1572180769.0,80,0.93,10,CasualUK,scouserdave
dnsoh1,An old photo and a new photo compared of the same street... top circa 1900... bottom circa 2016,,https://i.redd.it/fcpbilynw2v31.jpg,1572179957.0,129,0.97,27,CasualUK,giffbex
dnsdr6,"As a Welsh Rugby fan, Legoland seems to be mocking me.",,https://i.redd.it/ywisaxy0r2v31.jpg,1572178062.0,83,0.95,2,CasualUK,Diffleroo
dns763,The things you can buy at M&amp;S these days...,,https://i.imgur.com/5ccnq3j.jpg,1572176796.0,57,0.88,4,CasualUK,Tattycakes
dns6vt,Richard Hammond,,https://i.redd.it/mbab18f4m2v31.jpg,1572176733.0,695,0.92,20,CasualUK,MrTopHat97
dns5fu,Bacon &amp; egg sandwich by me. Aged 34.,,https://i.redd.it/5jz4ij42m2v31.jpg,1572176418.0,361,0.93,57,CasualUK,ImCaptainRedBeard
dnr9qx,The City from The Tower,,https://i.redd.it/142w0z1b22v31.jpg,1572169800.0,154,0.98,13,CasualUK,[deleted]
dnqykb,Steam rising from rain soaked fences in the morning winter sun. Nice to see something other than grey.,[deleted],https://gfycat.com/enviousweirdcreature,1572167347.0,177,0.99,7,CasualUK,[deleted]
dnqxis,Stayed up to pull off this fun little trick. The rest of my mates in the group chat hate me now. Happy clocks going back everyone!,,https://i.redd.it/cqe780xhu1v31.png,1572167116.0,1513,0.98,58,CasualUK,Scip07
dnqxig,It's better up north and you can not convince me otherwise,"Been living in Reading for 3 years. 900 pound a month rent not including other bills for a box flat. City is dirty , dull and full of rude wankers and feels soulless. 

Visited my dad up here near Preston. He's in the suburbs. Pays 500 a month rent, three bedrooms, garden, lovely quiet area with a great pub social life. Everyone is happy and content around the area and were extremely kind. 

It's not ideal up here by any means, but me and my wife have already decided we will be getting maybe a years more work experience down south but will then be heading up north as soon as we can. 

Feel free to disagree with me, you are wrong. 

Dog bless the norf!",https://www.reddit.com/r/CasualUK/comments/dnqxig/its_better_up_north_and_you_can_not_convince_me/,1572167115.0,93,0.85,88,CasualUK,An_Elongated_Muskrat
dnqxhz,"Dog found in Little Hay, Lichfield. (I don‚Äôt have socials so hoping someone might help us share this)",,https://i.redd.it/0wie77lhu1v31.png,1572167114.0,85,0.96,17,CasualUK,Senor-hamster
dnqpqu,Just thinking about how many people approved the production/printing/hanging of this sign,,https://i.redd.it/j9xzm9p9p1v31.jpg,1572165358.0,1775,0.98,118,CasualUK,CosetteSki
dnq9wd,Croydon isn‚Äôt so bad...,,https://i.redd.it/uuqzf7jle1v31.png,1572161778.0,224,0.97,31,CasualUK,keepmepostedx
dnq2kr,Had to share....when does this ever happen! My lucky day!,,https://i.redd.it/vsef6knu91v31.png,1572160173.0,13267,0.93,575,CasualUK,xindigothoughtsx
dnoxq1,A moment of sympathy for those who had to work an extra hour tonight,[deleted],https://www.reddit.com/r/CasualUK/comments/dnoxq1/a_moment_of_sympathy_for_those_who_had_to_work_an/,1572151897.0,90,0.96,34,CasualUK,[deleted]
dnlzmj,Put your cocks back,,https://i.redd.it/a0axz6wn6zu31.jpg,1572134887.0,884,0.99,42,CasualUK,82brighteyes
dnk5hm,Result!,,https://i.redd.it/8zzzdc9efyu31.jpg,1572125719.0,69,0.93,6,CasualUK,Phillyfuk
dnj7dp,Barra airport,,https://i.redd.it/enn0oex72yu31.jpg,1572121292.0,97,0.98,9,CasualUK,[deleted]
dnin5f,Rainy afternoon so lots of tea and carving,,https://i.redd.it/ylpa2h5ytxu31.png,1572118698.0,57,0.98,0,CasualUK,thebluebeatle
dnhl7n,PSA: Wet leaves are like ice. Be careful driving,"Hey guys, please be careful driving. Wet leaves are like ice on the road.just be careful, ok?",https://www.reddit.com/r/CasualUK/comments/dnhl7n/psa_wet_leaves_are_like_ice_be_careful_driving/,1572113871.0,59,0.94,9,CasualUK,Pink-socks
dnhhsa,"Amidst the shit weather, the local postie has fucked it",[deleted],https://i.redd.it/wcj5uyjtexu31.png,1572113417.0,244,1.0,22,CasualUK,[deleted]
dnh2d9,Don‚Äôt think there is a bad angle of this bridge!,,https://i.redd.it/t16l3zw39xu31.jpg,1572111495.0,596,0.99,19,CasualUK,OddChair
dngkay,Breakfast for tea is peak ‚ÄúI haven‚Äôt got a clue what to make and the suggestions from the family are all shite‚Äù.,Anyone got their own version of ‚Äúfuck the lot of ya I‚Äôll think of something‚Äù?,https://www.reddit.com/r/CasualUK/comments/dngkay/breakfast_for_tea_is_peak_i_havent_got_a_clue/,1572109294.0,55,0.94,23,CasualUK,thefuckdidijustsee
dngio8,"She protec, she attac, but most of all she Molly the Tesco cat",[deleted],https://i.redd.it/sz4xyh302xu31.jpg,1572109107.0,3108,0.97,66,CasualUK,[deleted]
dng83b,"This colloquially known alley has been ""officially"" named",,https://imgur.com/Chw7QXf,1572107803.0,1384,0.99,60,CasualUK,Squeagley
dng7pw,Autumn in Snowdonia,,https://i.redd.it/4omq5tqzxwu31.jpg,1572107761.0,412,0.99,11,CasualUK,ginabobeena
dnfh6m,Beautiful snowdonia,,https://v.redd.it/it7bvwp9owu31,1572104517.0,123,0.98,7,CasualUK,Lew_LAD
dnfaqv,Eastleigh FC Social Media Team is not giving a flying one today.,[deleted],https://i.redd.it/2w2vxztxlwu31.png,1572103703.0,67,0.9,2,CasualUK,[deleted]
dnf8w0,"The weather may be shite out today, but GTA has certainly helped me prepare for this moment.",,https://i.imgur.com/73eGwQn.jpg,1572103461.0,8849,0.97,176,CasualUK,[deleted]
dnf3c0,An evening walk in the Lake District a few days ago.,,https://i.redd.it/pn68emhziwu31.jpg,1572102713.0,71,0.97,3,CasualUK,Climbercharlie
dneyf1,Cubicle wars part 2,,https://i.redd.it/jdhexs51hwu31.png,1572102055.0,53,0.91,4,CasualUK,[deleted]
dneras,Museum of English Rural Life,,https://i.redd.it/1cxzsvv4ewu31.jpg,1572101079.0,289,0.98,9,CasualUK,gingerbenji
dne0kr,Video of a beautiful evening in Cornwall I took last month,[deleted],https://v.redd.it/w7eakrdq2wu31,1572097324.0,186,0.98,10,CasualUK,[deleted]
dndsi3,"A typically British rainy day, ft my mam",,https://i.redd.it/rht1i62dzvu31.jpg,1572096131.0,144,0.99,5,CasualUK,omxnn
dndd48,Found a relic of the past earlier today,,https://i.redd.it/mxj7i403svu31.png,1572093697.0,92,0.95,17,CasualUK,Bendy_McBendyThumb
6mkvuj,Queeny through the years on bank notes,,https://i.redd.it/6w19gdkgmbey.gif,1499761188.0,61,0.91,22,CasualUK,HarryGoLocky
6mkuvv,ITT - We speak like how Reddit thinks British people speak,"Orite chums, I just came down my apple and chairs and thought of a bloody good idea while I was queuing for the queue for a cup o' tea and had a bloody good bloody idea for a bloody thread.

Fish 'n' Fries ",https://www.reddit.com/r/CasualUK/comments/6mkuvv/itt_we_speak_like_how_reddit_thinks_british/,1499760699.0,90,0.97,98,CasualUK,HarryGoLocky
6mknwh,Possibly the least 'Yolo' thing that's ever happened.,,https://imgur.com/bi9R9lf,1499757501.0,143,0.98,31,CasualUK,[deleted]
6mgnu2,This afternoon I visited a corner of some foreign field.,,http://i.imgur.com/biM8v7v.jpg,1499713934.0,85,0.94,26,CasualUK,HPB
6mff1w,Anarchy in the UK,,https://i.redd.it/9qg4gx8ahs8z.jpg,1499702942.0,2130,0.97,138,CasualUK,SquireBev
6mdese,"Wolf of Walthamstow: Pupil, 15, who built a ¬£50,000-a-year tuck shop empire from the boys' toilets employs 11 sellers across three schools with classmates ordering via Snapchat",,http://www.dailymail.co.uk/news/article-4681030/Walthamstow-pupil-15-built-50k-year-tuck-shop.html,1499679288.0,169,0.87,93,CasualUK,Barbecue_Wings
6m9n75,Dear city folk. Don't fuck about with hay bales,,https://gfycat.com/ColorlessFoolhardyAmericanindianhorse,1499630992.0,182,0.97,30,CasualUK,HarryGoLocky
6m8lpa,We like to keep things classy here in London.,,https://www.reddit.com/r/videos/comments/6m7q2o/getting_fingered_in_london/,1499620385.0,98,0.97,22,CasualUK,Penguin__
6m7p57,Does anyone else get regularly deflated with Amazon's Get your hopes up &amp; bring them crashing down Service?,[deleted],https://www.reddit.com/r/CasualUK/comments/6m7p57/does_anyone_else_get_regularly_deflated_with/,1499610384.0,60,0.96,8,CasualUK,[deleted]
6m7mj8,Does anyone else think it should be illegal for lorries to overtake each other on the dual carriageway?,"It's probably the most infuriating thing I ever encounter when driving. Holding up dozens of cars behind them as they overtake inches at a time, 10mph slower than the speed limit. Drives me nuts!",https://www.reddit.com/r/CasualUK/comments/6m7mj8/does_anyone_else_think_it_should_be_illegal_for/,1499609486.0,57,0.94,30,CasualUK,THE_1975
6m6yl2,"This geezer's called ""Brum"" .... because it's filmed in Brum.",,https://i.redd.it/2iozxd6lxj8z.jpg,1499599455.0,287,0.97,52,CasualUK,[deleted]
6m6xdi,Someone just sat next to me on an empty train.,Is this what assault is like? ,https://www.reddit.com/r/CasualUK/comments/6m6xdi/someone_just_sat_next_to_me_on_an_empty_train/,1499598843.0,135,0.96,54,CasualUK,[deleted]
6m6f2r,Shout out to the person I fell in love with yesterday,"I was in London on Friday, just wandering around the tube station. I then saw...him. Just in the corner of my eye. 

I don't know how to describe it. Have you ever eaten a REALLY delicious bowl of Ready Brek and you feel like that you are never going to get a better bowl than that in your life, even if you added more sugar? That is what I felt like. I saw him, and he was the ultimate bowl of Ready Brek.

I could...sense that he was into me too. I mean, it was difficult to tell. I am new to this whole 'gaydar' thing but he had that look about him, y'know?

I went up and said hi. He had the most delightful accent in the world. A Welshy-sort-of-accent. It is tough to describe, really. I guess the best way to describe it would be ""if the Ready Brek dragon was real, he would sound like this"".

What followed was a whirlwind few minutes. In those minutes, we walked around, talking about everything and nothing. He told me he was new in London and was confused. I was more than happy to show him my way of life.

At the end of it, we planned to meet up again. I think he was so 'head over heels', he never heard. I gave him ¬£10 to get to the local Starbucks a few hours later, but he never arrived. It was a shame.

I have a post up on Craigs List right now for 'Missed Connections', but I doubt I will ever find him again.

It fucking sucks. It was so...perfect.",https://www.reddit.com/r/CasualUK/comments/6m6f2r/shout_out_to_the_person_i_fell_in_love_with/,1499588658.0,76,0.94,25,CasualUK,BritishPeopleAreSoNi
6m61vs,"From homeless, to working with the homeless. AMA!","Thanks to Whiffers for letting me do this AMA, there were so many positive responses and I'm glad of the chance to answer all your questions. Fire away and I'll try and answer everyone today!",https://www.reddit.com/r/CasualUK/comments/6m61vs/from_homeless_to_working_with_the_homeless_ama/,1499581654.0,153,0.91,57,CasualUK,jogi01234
6m5tnh,Bear's Kitten Update: 1 Week Old!,,https://i.redd.it/v4n0wfkf5i8z.jpg,1499577899.0,85,0.99,9,CasualUK,SunnyBunchy
6m3he0,Shout-Out To The Guy On The National Express,"Yesterday, I woke up late and missed my megabus. I paid ¬£30 (!!!) for a national express to get to London, and when I arrived I knew fuck all about the tube station, or where I was actually going. The guy next to me walked me to the tube, helped me find my destination and top up, and then gave me a tenner and sent me on my way. 

I didn't even get your name, but if we ever meet again I promise I'll buy you pint (even if I am 16.) Cheers mate, I'll remember this act of kindness and try to repay it in the future. ",https://www.reddit.com/r/CasualUK/comments/6m3he0/shoutout_to_the_guy_on_the_national_express/,1499548120.0,69,0.98,9,CasualUK,endlesshills
6m0dnd,CANT PAY TAKE IT AWAY IS ON NETFLIX,[deleted],https://www.reddit.com/r/CasualUK/comments/6m0dnd/cant_pay_take_it_away_is_on_netflix/,1499511229.0,63,0.9,38,CasualUK,[deleted]
6m04ig,Very bloody happy!,"This time last year I was homeless, sleeping rough on Brighton sea front with no hope. On Monday I start my new job as a support worker in the homeless sector, helping adults with complex needs gain the skills to move forward with their lives. So proud of myself! 

Edit: Wow, thanks for the gold and all the lovely comments! It's subs like this that keep us all ticking. LOVE YOU X",https://www.reddit.com/r/CasualUK/comments/6m04ig/very_bloody_happy/,1499506444.0,1015,0.92,73,CasualUK,jogi01234
6ltghj,Here is a video of Vienetta being made. It is better than you think.,,https://www.youtube.com/watch?v=1J6ojvr0AMg,1499432137.0,50,0.95,32,CasualUK,LordAnubis12
6lo0zo,What are you guys complaining about? I'm getting great deals on train tickets..,,https://i.redd.it/v4p923lst08z.jpg,1499368151.0,238,0.97,10,CasualUK,[deleted]
6lmxy4,"[Mod hat on] We're loving the commute walk photos, there are some really nice ones! However, we would greatly appreciate if these could be included in our Daily Commute Thread which appears at 6am every morning. Thanks!","Just clatters up the feed a bit. Thanks for your understanding!  
  
EDIT: What do people think of the daily commute thread? Does it go up a bit early? We can arrange AutoMod to post it at any time we want really.",https://www.reddit.com/r/CasualUK/comments/6lmxy4/mod_hat_on_were_loving_the_commute_walk_photos/,1499358931.0,70,0.94,37,CasualUK,[deleted]
6llf8y,Where do i change my northern pounds for london pounds?,"It's about a ratio of 2:1, can I get these London pounds in t'post office?",https://www.reddit.com/r/CasualUK/comments/6llf8y/where_do_i_change_my_northern_pounds_for_london/,1499344141.0,60,0.96,44,CasualUK,BunglingBoris
6ll5g8,Spotted this outside Tescos - culture in decline. Do not google at work!,,https://i.redd.it/xyt9shx0ky7z.jpg,1499340658.0,113,0.95,22,CasualUK,[deleted]
6lkt7z,"Your commutes are pretty and everything, but there's no way I'd swap mine.",,https://media.giphy.com/media/UognNyRLXP4Lm/giphy.gif,1499335684.0,174,0.94,71,CasualUK,bellyjabies
6lkf63,Scot so disgusted by Twitter user's cheese and chocolate toast that he tweets it to police,,http://foodanddrink.scotsman.com/food/scot-disgusted-twitter-users-cheese-chocolate-toast-tweets-police/,1499329443.0,308,0.95,39,CasualUK,quinn_drummer
6lgd69,My walk into work is ok,,http://i.imgur.com/LqiYBKG.jpg,1499283279.0,147,1.0,16,CasualUK,MrPatch
6lg2uj,Jim'll Paint It is a guy that creates images on request using Microsoft Paint. These are some of his latest:,,http://imgur.com/a/ZyZaf,1499280761.0,453,0.95,35,CasualUK,BedSideCabinet
6lewtm,"When i was in London i complained constantly about the weather, and I finally went on holiday..",[deleted],http://i.imgur.com/Tv1xC4T.jpg,1499270320.0,91,0.94,21,CasualUK,[deleted]
6lepno,There are worse routes to walk home.,[deleted],http://imgur.com/ExDFsUN,1499268458.0,121,0.98,19,CasualUK,[deleted]
6ld5b1,Vicious insult thread,Your mum makes a shit roast.,https://www.reddit.com/r/CasualUK/comments/6ld5b1/vicious_insult_thread/,1499249619.0,68,0.97,92,CasualUK,[deleted]
6lcjxd,"Local Cambridge artist, known for graffiti stencil herons, has painted this full-scale piece on a rotting gate in Trumpington.",,https://imgur.com/gallery/ejsOx,1499239650.0,160,0.96,23,CasualUK,Ivyleaf3
6lcgx2,A bench in Waterloo for those that really hate people.,,https://imgur.com/squPD3U,1499238299.0,138,0.97,18,CasualUK,[deleted]
6l97w4,Now the yanks have invented 'Sausage Wrapped Eggs' whatever will they think of next.,,https://www.reddit.com/r/GifRecipes/comments/6l7xqb/sausagewrapped_eggs/,1499196946.0,121,0.97,58,CasualUK,JeffSergeant
6l96ev,I was a bit sad my new local shop is a Waitrose but they reduce EVERYTHING in the evening and I can eat like a king for pennies.,"Just bought a steak pie for 50p, a goats cheese pasta meal for two thing for 69p and a Mexican chicken meal for 99p and 2 poached salmon fillets for 19p. Plus a free coffee!! Had no idea. Have you lot had any bargains recently?",https://www.reddit.com/r/CasualUK/comments/6l96ev/i_was_a_bit_sad_my_new_local_shop_is_a_waitrose/,1499196540.0,78,0.98,59,CasualUK,[deleted]
6l7rd1,"I'll pass, thanks.",,https://imgur.com/ZMIa955,1499182652.0,282,0.97,22,CasualUK,[deleted]
6l732m,/r/CasualUK Community,"I just wanted to make a post about our little batshit insane community we have here.

Its been almost 6 months that the sub has been going now and we have just reached 15,000 subscribers, we have a dedicated fully moderated Discord, we have set up a community D&amp;D, CK2 and Football Manager game, we have 8 - 10 weekly threads about what we are all doing and is everything from hobbies, games, movies and fitness.

We have more subscribers than Ohio &amp; Nirvana and more people here than Bodmin, Teignmouth &amp; Chertsey

As the numbers increase we don't want to lose sight of why this sub was made in the first place. To be a place away from drama and negativity and so far it has been exactly that!

So thanks to all you idiots for being brilliant",https://www.reddit.com/r/CasualUK/comments/6l732m/rcasualuk_community/,1499175264.0,135,0.99,132,CasualUK,HarryGoLocky
6l62jh,"Roses are red, love can be fleeting,",,https://i.redd.it/u1dl02gdoj7z.jpg,1499160509.0,407,0.97,28,CasualUK,Idlehands17
6l5vdh,"On this day, 241 years ago, we finally managed to get rid of those horrible Americans. What have you managed to get rid of recently?",Happy Independence day UK!,https://www.reddit.com/r/CasualUK/comments/6l5vdh/on_this_day_241_years_ago_we_finally_managed_to/,1499157115.0,465,0.91,246,CasualUK,[deleted]
6l5ohk,Chaos in Starbucks,,https://imgur.com/d90ymib,1499153868.0,125,0.97,27,CasualUK,[deleted]
6kzhor,I thought you people may enjoy this video,,https://i.imgur.com/H0lWjb3.gifv,1499083500.0,729,0.96,37,CasualUK,The_edref
6kydvs,Those taxis from Heathrow are a bit steep.,,https://imgur.com/1BpMuH5,1499065324.0,327,0.95,35,CasualUK,[deleted]
6ky7ko,They are here! Bear's kittens have arrived!,,https://i.redd.it/27x8djxxkb7z.jpg,1499062536.0,50,0.93,24,CasualUK,SunnyBunchy
6kvbzt,Living in London: a summary,,https://i.redd.it/22znymo7l87z.jpg,1499026269.0,80,0.93,55,CasualUK,NamelessMuffin
6kv8xf,I think I'll go for number 16,,https://imgur.com/s4xbHny,1499025324.0,114,0.98,17,CasualUK,[deleted]
6kv3yb,In a time before reddit,,https://imgur.com/W7xVcuo,1499023795.0,70,0.95,11,CasualUK,sdate
6kulm8,Bus stop cat,,https://imgur.com/AuaYY2Q,1499018375.0,286,0.96,31,CasualUK,[deleted]
6kud80,"Made roast, ate roast, now dying.",,https://i.redd.it/29rp0jeqp77z.jpg,1499015721.0,139,0.97,34,CasualUK,revolut1onname
6kskx5,"Petty theft confessions. Come on, we've all done it.",Mine is a Rexel stapler from my first job when I was 18.  I am 60 now.  It still works perfectly.,https://www.reddit.com/r/CasualUK/comments/6kskx5/petty_theft_confessions_come_on_weve_all_done_it/,1498990660.0,93,0.94,174,CasualUK,[deleted]
6ksabb,I've been scammed by Tesco,[deleted],https://i.imgur.com/QpKh9Nv.jpg,1498984317.0,86,0.89,40,CasualUK,[deleted]
6ks5bp,Went to work yesterday. Was given a form to complete to explain why I'm such a shit worker. Went to an end-of-exams party afterwards. Got a nosebleed and ended up with blood all over the form. Oh dear.,Haha.,https://www.reddit.com/r/CasualUK/comments/6ks5bp/went_to_work_yesterday_was_given_a_form_to/,1498981321.0,54,0.93,13,CasualUK,[deleted]
6koq3n,"Just got berated by a waiter for not paying a tip, am I a dickhead?",[deleted],https://www.reddit.com/r/CasualUK/comments/6koq3n/just_got_berated_by_a_waiter_for_not_paying_a_tip/,1498934970.0,65,0.97,64,CasualUK,[deleted]
6koh3b,How to sum up the UK in one photo,,http://imgur.com/PngP1Ms,1498932408.0,749,0.92,37,CasualUK,kumquat_may
6knsdf,Won the John Stones Paint Trophy at a charity football tournament!,,https://imgur.com/KKUx1TS,1498925172.0,160,0.96,19,CasualUK,Toasterfire
6knhe6,"I peeled the film off a ready meal in one go, AMA",,http://i.imgur.com/8lJNdw8.jpg,1498921858.0,133,0.93,54,CasualUK,RaconBang
6kmol8,They have cards for everything these days,,https://i.redd.it/rqrpl5jz3z6z.jpg,1498911537.0,135,0.97,7,CasualUK,chanchostreet
6kmglb,The next level of buttered weetabix. The weetawich.,,https://i.redd.it/okt9zzqvsy6z.jpg,1498907784.0,78,0.88,33,CasualUK,MilesTails
6km4bc,Lions fight back to beat NZ and level series at 1-1,,http://www.bbc.co.uk/sport/live/rugby-union/40029832,1498901235.0,56,0.88,3,CasualUK,tmstms
6km2ju,One of the coldest places in the world...,,https://i.redd.it/zhilc8fi6y6z.jpg,1498900258.0,70,0.98,14,CasualUK,McMrChip
6kiq0u,He's moving to Australia and has a limited weight allowance. At least he's got the essentials packed.,,http://i.imgur.com/nzjhGz0.jpg,1498855764.0,131,0.95,17,CasualUK,kenbw2
6kij94,Overheard in Tesco,"Chav No 1: What's a mango?

Chav No 2: it's just a fucking big orange innit mate

Whilst looking at cans of rubicon.",https://www.reddit.com/r/CasualUK/comments/6kij94/overheard_in_tesco/,1498853959.0,308,0.98,66,CasualUK,NerdBlender
6kgox6,BBC confirm that British Airways has been turned to evil,,http://i.imgur.com/wxiLsIu.jpg,1498837179.0,644,0.97,20,CasualUK,Ajaj82
6kfbzb,'Fat of the Land' by The Prodigy was released on this day in 1997,,https://en.wikipedia.org/wiki/The_Fat_of_the_Land,1498822105.0,82,0.97,41,CasualUK,LazyGit
6kf0kp,"How many of you managed to get one of these when you were a kid then, eh?",,http://imgur.com/R6fClWr,1498817237.0,79,0.98,40,CasualUK,SaltireAtheist
6kez1b,"Man loses it over his missus trying to say ""Eyes"".",,https://www.youtube.com/watch?v=0Al_V7fsL7g,1498816583.0,83,0.94,33,CasualUK,[deleted]
6keyqp,BBC to broadcast live TV coverage of English international and domestic cricket,,http://www.bbc.co.uk/sport/cricket/40455556,1498816444.0,143,0.92,45,CasualUK,tmstms
6kc2yv,No Hipsters!,,https://imgur.com/8zplNlz,1498777461.0,129,0.93,22,CasualUK,[deleted]
6kazef,Stronger chocolate to digestive ratio,,https://imgur.com/Qjhg7IC,1498766915.0,60,0.97,33,CasualUK,Cosmo55
6kavzw,"My mate feels this is normal, Weetabix and Butter. Opinions?",,https://i.redd.it/c7jfl54k3n6z.jpg,1498766090.0,81,0.95,62,CasualUK,woodycsgo
6ka9lj,Testing Bell_Whiff's claim that all toilets flush in E flat,,https://streamable.com/pd9sl,1498760637.0,156,0.98,27,CasualUK,joethesaint
6k9o3j,Found a useful notice at work today,,http://i.imgur.com/U3fHZef.jpg,1498755425.0,91,0.97,2,CasualUK,CaptainMcSmoky
6k744q,"No one wants to see your holiday photos on Facebook, study finds",,http://metro.co.uk/2017/06/28/no-one-wants-to-see-your-holiday-photos-on-facebook-study-finds-6741884/,1498726478.0,75,0.94,71,CasualUK,[deleted]
6k6cj4,BBC news this morning,,http://i.imgur.com/rNScqsF.jpg,1498714428.0,545,0.95,20,CasualUK,sideone
6k2agl,Lost dogs return home after owners cook sausages near where they went missing,,http://www.telegraph.co.uk/news/2017/06/28/lost-dogs-return-home-owners-cook-sausages-near-went-missing/,1498672416.0,56,0.94,11,CasualUK,[deleted]
6jzgq2,New section in Primark. Finally!,,http://i.imgur.com/hH3V9Ls.jpg,1498641855.0,564,0.94,78,CasualUK,CheesyTree
6jz8zi,"Ice from three of the UK's biggest coffee chains has been found to contain bacteria from faeces, according to a BBC investigation.",,http://www.bbc.co.uk/news/business-40426228,1498638220.0,57,0.91,36,CasualUK,[deleted]
6jx9tj,"I just re-watched the IT Crowd episode 'The Work Outing', and I'm convinced it's the funniest episode of any TV show ever broadcast","Also I just realised the bus driver at the end is Jay's dad from the Inbetweeners.

Does anyone have a better suggestion?",https://www.reddit.com/r/CasualUK/comments/6jx9tj/i_just_rewatched_the_it_crowd_episode_the_work/,1498612379.0,74,0.94,76,CasualUK,Nicksaurus
6jvouy,I got order 001 at McDonald's!,,http://i.imgur.com/BSCpHTA.jpg,1498596815.0,63,0.88,31,CasualUK,kenbw2
6jvep8,Wine Gums are the best sweets. Fight me.,,https://www.reddit.com/r/CasualUK/comments/6jvep8/wine_gums_are_the_best_sweets_fight_me/,1498594338.0,57,0.98,101,CasualUK,SamCooper07
6juv4p,Has Science Gone Too Far?,,http://imgur.com/a/hVg7W,1498589713.0,64,0.97,19,CasualUK,OlfredTheGreat
6jsi9l,Singhsbury's renamed Morrisinghs after Sainsbury's 'legal row',,http://www.bbc.co.uk/news/uk-england-tyne-40416049,1498568407.0,413,0.95,34,CasualUK,sonofaBilic
6jrepa,How bloody hard is it to convince a man he needs a GP appointment?! *update!*,"We went. We saw the GP (to his everlasting agitation) yesterday. Thank you to everyone who posted, especially those who had family members who had Epilepsy and were so helpful ( u/cheeselet )!

We have been added to the neurological consultation list at our local hospital. Partner had the vampire nurses attack him for bloods (to check for other underlying causes that may look similar) and got a furiously good lecture by the GP about how I'm doing this for his benefit and I have every right to be worried.

I have also been advised that should it happen again, even for seconds, to request an ambulance (which put him in an even better mood, let me tell you!) 

He is now currently sulking and terrified it IS some type of Epilepsy but has finally relented and agreed that it is best to know and manage this before a serious incident occurs. 

I have never been so thankful for the NHS and my ability to get an appointment the day after. We're in good hands. 

Cheers for all your advice and commiserations, Casuals!",https://www.reddit.com/r/CasualUK/comments/6jrepa/how_bloody_hard_is_it_to_convince_a_man_he_needs/,1498553067.0,84,0.95,15,CasualUK,McStaken
6jn9ws,A classic game of Bogies with Dick and Dom,,https://www.youtube.com/watch?v=vt_farHgMfM,1498504594.0,130,0.94,31,CasualUK,GRI23
6jms67,Got this close to a Fox!,,https://i.redd.it/a7z3wo4h416z.jpg,1498500071.0,74,0.97,23,CasualUK,MellotronSymphony
6jmrnj,The great graph of Britcom Idiots,,https://i.redd.it/p46txnx3416z.png,1498499948.0,299,0.96,63,CasualUK,Player_15
6jmayh,New spiky neighbours,,https://imgur.com/a/vZVNI,1498495741.0,183,0.97,30,CasualUK,WillusMollusc
6jlb5d,Celebrity versions of game shows are awful when the host is a bigger name than the celebrity contestants.,"I'm referring to the celebrity version of Crystal Maze, Richard Ayoade is a far bigger celebrity than those people. Has there ever actually been a celebrity special of a popular game show that has actually been decent? Give me the Crystal Maze with Jennifer Lawrence, Scarlett Johansson, Mark Ruffalo, Jason Statham, the Rock and other action stars and it'll be worth it. Or even anyone from 8 out of 10 cats does countdown. Other than that it's more interesting to just shove ordinary people in there and have Richard dryly talk about them.",https://www.reddit.com/r/CasualUK/comments/6jlb5d/celebrity_versions_of_game_shows_are_awful_when/,1498486338.0,109,0.95,52,CasualUK,[deleted]
6jkuho,All kicking off in the local fb page [NSFW],,https://i.redd.it/mhv7n362kz5z.jpg,1498481073.0,71,0.97,41,CasualUK,floppywick
6jjwd1,Festival-goer stunned when security confiscate banana,,http://www.dailyecho.co.uk/news/15370371.Festival_goer_stunned_when_security_confiscate_banana___for__health_and_safety_/,1498466465.0,67,0.94,47,CasualUK,Jebsticles
6jjc57,Just discovered my local greggs was closed for refurbishment this morning. How shit has your morning been?,I wanted my sausage and bacon roll damnit.,https://www.reddit.com/r/CasualUK/comments/6jjc57/just_discovered_my_local_greggs_was_closed_for/,1498456752.0,60,0.93,60,CasualUK,biggles1994
6jh6v1,If anybody is wondering what the chuckle brothers are doing these days I found a flyer for one of their tours at the Bristol Hippodrome. The nonsensical blurb on the back is about as good as can be expected.,,http://imgur.com/a/vCWBX,1498429634.0,73,0.99,22,CasualUK,zstars
6jgwje,"Just found out that my bosses wife is in a morris dancing group with my girlfriends mum, gotta love rural England.",,https://www.reddit.com/r/CasualUK/comments/6jgwje/just_found_out_that_my_bosses_wife_is_in_a_morris/,1498426381.0,48,0.95,12,CasualUK,CaptainMcSmoky
6jev41,My roast potato story,"My husband and I went out today for a sit down roast at the local pub. You know the posh kind where they bring your plate out from the kitchen, and are in sole charge of roasties, yorkies and gravy? Never mind I had spent almost a year touring the local area trying to find the perfect carvery, the one where even the pigs in blankets are help yourself, and yorkshires (my fave part of the roast) are all you can eat. Dave wanted to go to the posh pub one because its 'nicer' than the carvery. Anyway, back to the more expensive yet stingier roast I had today... I got three roast potatoes on my plate, and they were crispy, I mean you could tell just by looking at them that you're going to need to reorientate your knife from cutting position to stabbing position to see it through. As I tried to cut into one it flew off my plate onto the carpet. I had a serious moment of anguish where I considered wiping it off and eating it anyway, when suddenly a waitress came by. I must have sounded so pathetic as I explained to her how the potato was so crispy it went flying, and would be please be able to bring me a replacement potato. She said she would go fetch me one from the kitchen. Sure, my husband ripped the piss out of me, but his face when the waitress came back with an entire bowl of roasties and just plonked them down in front of me was fucking golden. I negotiated a yorkshire pudding swap (his was by far bigger than mine) before I allowed him access to the roastie bowl. And there it is, my roast potato story. Beat that!  ",https://www.reddit.com/r/CasualUK/comments/6jev41/my_roast_potato_story/,1498404283.0,108,0.98,20,CasualUK,Ruufles
6je0jq,"WHSmith are utter, utter bastards.","Where to start? 

-I didn't charge my phone last night and need a USB cable to charge it up on the train. ¬£15. Robbery. 

-¬£4 for a chocolate orange. FOUR POUNDS. 

-Bullshit drinks offers. Is coke really buy one get one free when a single bottle is ¬£2?

-In services their 'meal deal' only counts if you buy a Kit-Kat, and get a tiny bottle of coke. Mess it up and their Sandwiches are deliberately priced at ¬£4+ to snare you.  

-Vouchers. Way. too. many. vouchers. 

-NO I DON'T WANT DAIRY MILK FOR ¬£1

It's getting worse and worse every time I go in there. Bastards. ",https://www.reddit.com/r/CasualUK/comments/6je0jq/whsmith_are_utter_utter_bastards/,1498392725.0,524,0.96,140,CasualUK,NineFeetUnderground
6jahjf,Sausage roll row: US 'invents' new summer snack,[deleted],http://www.bbc.co.uk/news/world-us-canada-40392410,1498337932.0,89,0.97,60,CasualUK,[deleted]
6j9cv3,These two old ladies are having their weekly natter in the road. I don't have it in me to beep them...,[deleted],https://imgur.com/V8oSLhs,1498325232.0,124,0.97,25,CasualUK,[deleted]
6j90ty,The UK trades places today,"So Glastonbury is for middle class people to live in a field of mud and shit for the day and Ascot is for working class people to hire a suit and be posh for the day, what strange times.",https://www.reddit.com/r/CasualUK/comments/6j90ty/the_uk_trades_places_today/,1498321471.0,148,0.97,21,CasualUK,stinkyjim88
6j89kn,Does anyone else just... not give a shit about Glastonbury?,[removed],https://www.reddit.com/r/CasualUK/comments/6j89kn/does_anyone_else_just_not_give_a_shit_about/,1498312531.0,243,0.9,126,CasualUK,CaptainPedge
6j7da7,I found out yesterday I got a 2:2 in my degree...,[deleted],https://www.reddit.com/r/CasualUK/comments/6j7da7/i_found_out_yesterday_i_got_a_22_in_my_degree/,1498297777.0,125,0.95,108,CasualUK,[deleted]
6j6x89,Am I getting too dangerously faux middle class?,"A few days ago I bought a decanter at poundland. Today I rearranged one of the pictures above the mantelpiece because I thought another one looked better. I'm also worried as I haven't had my copy of *The Spectator* through the post yet, and it always comes on a Friday. I live in a council house on a council estate, but I feel like I'm transforming into some sort of closeted middle-class country person.",https://www.reddit.com/r/CasualUK/comments/6j6x89/am_i_getting_too_dangerously_faux_middle_class/,1498289060.0,52,0.89,37,CasualUK,[deleted]
6j2hhy,Someone's buying cake for the next month.,,http://i.imgur.com/xIx21ME.jpg,1498237111.0,123,0.98,12,CasualUK,[deleted]
6j18ef,Passed my driving theory üòä,[deleted],https://www.reddit.com/r/CasualUK/comments/6j18ef/passed_my_driving_theory/,1498225105.0,91,0.92,39,CasualUK,[deleted]
6j0nz2,This is the train at Diddlyland for those who asked,,https://i.redd.it/txvow3opud5z.jpg,1498218306.0,216,0.98,46,CasualUK,SpikeVonLipwig
6j0d1s,"If you draw a line around SG12 (Stevenage), it looks like a duck.",,http://i.imgur.com/A78rfHQ.png,1498213777.0,374,0.94,56,CasualUK,ModerateDanger
6izoex,"Daddy long legs can fuck off, an' all","Daddy long legs'? Daddy long legses? Anyway, bastard thing flew right at me in the shower this morning. Urgh.",https://www.reddit.com/r/CasualUK/comments/6izoex/daddy_long_legs_can_fuck_off_an_all/,1498202294.0,72,0.94,45,CasualUK,cheeselet
6iz3no,The Principality of Sealand is on the creepy new Snapmap,,https://i.redd.it/zxmk3z2mtb5z.jpg,1498193719.0,54,0.95,22,CasualUK,Vinsternut
6iw4p3,The playpark next to where I work is unnecessarily sinister.,,https://i.redd.it/idy0nnd1895z.jpg,1498162256.0,369,0.99,24,CasualUK,SpikeVonLipwig
6iuvin,This little Lucozade bottle strayed a bit too far from his/her pond :(,,https://i.redd.it/eapux9pza85z.jpg,1498151163.0,71,0.95,7,CasualUK,Penguiin
6itp2f,Look what I just found in my local tip shop...,,http://i.imgur.com/IQDQBUC.jpg,1498140443.0,149,0.99,44,CasualUK,loudribs
6ithnt,The Queen reported to West Yorkshire Police for 'not wearing seat belt' - BBC News,,http://www.bbc.co.uk/news/uk-england-leeds-40359502,1498138225.0,91,0.99,34,CasualUK,tmstms
6it8h0,So my mum told me my hair was getting much darker lately...,"Mum: Your hair's a lot darker now.

Me: Really? I haven't noticed any change.

Mum: Oh hold on, it's because I'm wearing sunglasses.

You guys got any amusing parent-related stories to share?",https://www.reddit.com/r/CasualUK/comments/6it8h0/so_my_mum_told_me_my_hair_was_getting_much_darker/,1498135356.0,128,0.99,79,CasualUK,ragna-rocking
6it31p,Hedgehogs in a bath,,http://i.imgur.com/SnUsQWC.gifv,1498133559.0,171,0.96,26,CasualUK,[deleted]
6isi6e,Boys at Exeter academy wear skirts in uniform protest - BBC News,,http://www.bbc.co.uk/news/uk-england-devon-40364632,1498125315.0,68,0.92,47,CasualUK,[deleted]
6irtf7,It's raining.,"Sweet relief!

This is near Reading. 

Edit: 5 minutes later it's stopped. ",https://www.reddit.com/r/CasualUK/comments/6irtf7/its_raining/,1498113847.0,102,0.93,47,CasualUK,losimagic
6iqe3c,Conservatories were a mistake.,"The blinds are broken, I swear it hit 40 in there.",https://www.reddit.com/r/CasualUK/comments/6iqe3c/conservatories_were_a_mistake/,1498095730.0,53,0.97,17,CasualUK,Akamasi
6iobpd,Was ironing my jeans when suddenly I felt something scurry over my hand..I did not make the most manly noise of surprise..,,https://i.redd.it/48az1cm2025z.jpg,1498074829.0,78,0.92,48,CasualUK,[deleted]
6iks3v,Man sent home from work for wearing shorts in over 30¬∞C heat comes back in a dress,[deleted],https://www.indy100.com/article/shorts-dress-man-twitter-sent-home-from-work-uniform-allegedly-sexist-viral-7800111,1498038128.0,729,0.96,185,CasualUK,[deleted]
6ikc5q,Sponsored Golf can fuck right off.,"Just seen on Facebook someone asking for sponsorship to play golf all day in aid of Macmillan. Now I'm all for cancer charities raising money, but sponsered golf is pushing, charity tournament, prize donated, pay to enter, fine. But sponsored golf is just taking the piss. I'm going to organise a sponsered sesh, spoons opening to closing, who sponsoring? It's in aid of donkeys.",https://www.reddit.com/r/CasualUK/comments/6ikc5q/sponsored_golf_can_fuck_right_off/,1498030670.0,116,0.94,78,CasualUK,e2000e2000e
6ihuuy,Facebook launches I‚ÄôM SAFE button for gingers in the heatwave,,http://southendnewsnetwork.com/news/facebook-launches-im-safe-button-for-gingers-in-the-heatwave/,1498000855.0,111,0.97,6,CasualUK,Variola13
6idoih,I got a 2:1!,"Also last night a girl I met gave me her number, so I feel pretty great today.

Anyone else getting/got their results?",https://www.reddit.com/r/CasualUK/comments/6idoih/i_got_a_21/,1497961378.0,246,0.92,136,CasualUK,Nicksaurus
6idjh3,"On a trip to Saudi Arabia to meet King Abdullah in 1998, The Queen ""terrorised"" the king by driving him around an estate at top speeds. It was illegal for a woman to drive a car at all at the time.",,http://www.huffingtonpost.com/2015/01/23/queen-elizabeth-king-abdullah-driving-story_n_6533236.html,1497959612.0,47,0.77,12,CasualUK,fisherpriceman
6id0qx,"Royal Ascot starts today. If you were wondering what clientele it attracts just look at the ""Title"" options when booking tickets online.",,https://twitter.com/MrJamesMcMath/status/874213813771538432,1497952082.0,56,0.92,66,CasualUK,RobDeeJay
6icwdi,North Yorkshire was very Nice on the Weekend,,https://i.redd.it/9ksdmqy0pr4z.jpg,1497950062.0,174,0.97,46,CasualUK,Warp__
6icucr,Announcement thread!,"Gather round everyone and take a knee. Been a while seen we've had an update thread!  
  
_________________________________________________  
**New Mods**  
 
I'd like to welcome /u/HarryGoLocky and /u/Nymthae as new subreddit moderators. We've had a big increase in traffic, posts, comments and subscribers so they're going to help us out with ~~keeping you all in check~~ moderating the sub. Play nice!  
  
_________________________________________________  
**AMA Posts**  
  
We've had an influx of ""I am going to the shop, AMA"" style posts which are *not* ideally the kind of posts we're hoping to see and should be taken to /r/CasualConversation. If you have something generally interesting, please do create an AMA post but buying bread is not that. (Sorry if this offends any bread buyers who think I'm calling them boring).  
  
_________________________________________________   
**Any other business**  

- /u/CaptainIgloo is looking for more pictures for the side bar. Any recommendations?  
 
- Regular Threads. We have a lot of threads for music, commuting, general chat, games and wildlife. Is there anything else you'd like to see? Maybe a ""What's on telly this week"" kind of thread on a Monday morning? Suggest away and we'll sort it.  
- Flairs! We're always looking for new flairs. Any suggestions?",https://www.reddit.com/r/CasualUK/comments/6icucr/announcement_thread/,1497949179.0,60,0.96,119,CasualUK,[deleted]
6icq9a,Took a photo of this guy walking through Borough Market...,,http://imgur.com/a/43d6P,1497947168.0,115,0.91,23,CasualUK,thatzed
6ic474,Is ot 3: Return of the ot,20 degrees already wew,https://www.reddit.com/r/CasualUK/comments/6ic474/is_ot_3_return_of_the_ot/,1497937489.0,70,0.95,73,CasualUK,Possiblyreef
6i7z9p,Peter Crouch visits some of his family,,https://twitter.com/petercrouch/status/876846713163718656,1497893838.0,81,0.96,12,CasualUK,jptoc
6i7ekt,Genuinely concerned I'm going to get mugged for this on the way home.,,https://i.redd.it/h2c41tyhmm4z.jpg,1497888706.0,745,0.97,107,CasualUK,biggles1994
6i6iwz,I PASSED MY TEST TODAY,"No driver faults. 

WOOOOOOOOOOOOOOOO 

Nervousness over :)",https://www.reddit.com/r/CasualUK/comments/6i6iwz/i_passed_my_test_today/,1497880345.0,132,0.97,110,CasualUK,KumaLumaJuma
6i6h4r,"While you enjoy the weather today, spare a thought for us poor foundrymen. We'll do the same for you when winter comes.",,https://i.redd.it/yze134d8wl4z.jpg,1497879821.0,207,0.97,49,CasualUK,[deleted]
6i55re,You're all soft. This weather is glorious and I'm thankful for it.,,https://www.reddit.com/r/CasualUK/comments/6i55re/youre_all_soft_this_weather_is_glorious_and_im/,1497861444.0,92,0.86,84,CasualUK,TjBee
6i54at,Today can fuck right off already,,https://imgur.com/VzB8zau,1497860736.0,77,0.94,54,CasualUK,Ubba_Lothbrok
6i4q6h,Is ot 2: the ottening,Ot it is,https://www.reddit.com/r/CasualUK/comments/6i4q6h/is_ot_2_the_ottening/,1497854144.0,137,0.94,71,CasualUK,Possiblyreef
6i1nal,is ot,"is too ot, feels like australia",https://www.reddit.com/r/CasualUK/comments/6i1nal/is_ot/,1497815645.0,114,0.97,22,CasualUK,[deleted]
6i1h0j,"Yeah, it's not really optional is it? Unless you don't mind feeling like a tight fisted cunt",,http://imgur.com/nRqGtiV,1497813781.0,54,0.95,23,CasualUK,[deleted]
6i0ybs,I propose we blow up the sun.,"What are we spending money on nukes for, if we're not gonna use them? Makes sense to me.",https://www.reddit.com/r/CasualUK/comments/6i0ybs/i_propose_we_blow_up_the_sun/,1497808105.0,98,0.97,22,CasualUK,[deleted]
6hzfa8,The starting of a lazy Sunday afternoon,[deleted],http://i.imgur.com/3OO3Ni2.jpg,1497789343.0,53,1.0,34,CasualUK,[deleted]
6hz6vq,I think we're all being lied to.,"So this morning I was informed by no less than three people (missus and 2 kids) that I was the best father in the world. I was pretty pleased with this as I didn't even know there'd been a vote.

I went on Facebook to brag about what was honestly the greatest achievement in my life and discovered a handful of other people also claiming to have the best father in the world and some of these people are older than me, so it's not like they're the result of a forgotten drunken night.

I was a little perplexed so I mentioned it to a few of my mates and learned that they too have been granted the title of the best father in the world this morning. It seems to be happening all over the country.

I honestly have no idea what's going on, or even if I have been voted best father in the world at all. I suspect there wasn't even a proper public vote.",https://www.reddit.com/r/CasualUK/comments/6hz6vq/i_think_were_all_being_lied_to/,1497785217.0,544,0.95,27,CasualUK,KyleD2303
6hz06p,Ant of Ant and/or Dec checks into rehab for prescription drug and alcohol problems,,http://www.bbc.co.uk/newsbeat/article/40318604/ant-mcpartlin-checks-into-rehab-for-alcohol-and-drug-problem,1497781682.0,70,0.95,38,CasualUK,Toasterfire
6hywc0,Down the canal hunting the rare 2 lb black-ribbed knobbler,[deleted],https://i.redd.it/u5yu4axrld4z.jpg,1497779453.0,81,0.98,29,CasualUK,[deleted]
6hytyu,I now live in manchester airport after Thomas Cook failed to own a working plane ama.,"After arriving at the airport at 7am for a 10:30 flight, this was follow by delays until half 5 whereby we were put onto busses and sent to one of the worlds worst hotels. Got back to the airport at 8am, for a flight at 12:15 today. 

So ama.",https://www.reddit.com/r/CasualUK/comments/6hytyu/i_now_live_in_manchester_airport_after_thomas/,1497778024.0,61,0.98,48,CasualUK,[deleted]
6hwoc2,Did you know - The European Central Bank was originally going to be called the EU Bank until boxer Chris Eubank threatened to sue.,"I made that up.

What other bullshit facts can we come up with?",https://www.reddit.com/r/CasualUK/comments/6hwoc2/did_you_know_the_european_central_bank_was/,1497743600.0,94,0.99,26,CasualUK,mr-dogshit
6hw5ix,Going through the archives of BBC TV listings. Was there a better time to be alive when these shows were all on one after another?,,http://imgur.com/a/mzyEh,1497737385.0,222,0.97,37,CasualUK,_rickjames
6htybr,Making the most having a water butt in this glorious heat,,http://i.imgur.com/x59pXEq.jpg,1497713019.0,196,0.99,33,CasualUK,Sniper_Guz
6htrmq,Anyone seen this? UK News teams spoofing Anchorman,,https://www.facebook.com/Channel4/videos/10154409535762330/,1497710857.0,108,0.97,15,CasualUK,samsaBEAR
6htc4q,Think it's hot in the UK today. My dad send me this from Kuwait.,,http://imgur.com/gHpAvN5,1497705425.0,54,0.91,36,CasualUK,HarryGoLocky
6ht0qo,Moray man spent five years restoring WWII yacht... Then it sank moments after being launched into water,,https://www.pressandjournal.co.uk/fp/news/moray/1269396/prized-world-war-ii-yacht-sinks-moments-after-being-launched-at-moray-harbour/,1497700456.0,53,0.94,4,CasualUK,[deleted]
6hsy2r,Useful.,,https://imgur.com/8vGIpBj,1497699174.0,52,0.99,9,CasualUK,KumaLumaJuma
6hswy1,"It cost me a quid, but I only went and did it",,http://i.imgur.com/b9RwM5T.jpg,1497698623.0,526,0.97,58,CasualUK,kenbw2
6hswt9,Why do CEX even bother buying copies of FIFA from people?,,https://imgur.com/EyjNOhc,1497698564.0,102,0.99,46,CasualUK,mopman94
6hppvh,Looks like BBC Devon and BBC Cornwall have taken it up a notch on Twitter.,,http://imgur.com/y6iVhtB,1497650773.0,83,0.94,7,CasualUK,HarryGoLocky
6hn7qx,Nah I'm not interested,[deleted],https://i.redd.it/iz86ythsz04z.jpg,1497626847.0,90,0.99,17,CasualUK,[deleted]
6hltqb,The Worst Bench in Britain?,,https://i.redd.it/ac0xhj85oz3z.jpg,1497610783.0,49,0.95,26,CasualUK,MellotronSymphony
6hlqes,BBC Radio Cornwall and BBC Radio Devon are kicking off over Pasties,,https://i.redd.it/xso7n5nrjz3z.jpg,1497609365.0,2006,0.95,174,CasualUK,poke50uk
6hg849,The UK's most expensive Pringles?,,https://i.redd.it/drx74gj19u3z.jpg,1497545179.0,481,0.98,44,CasualUK,RockPaperShredder
6hfm0v,I only went and did it! Front Seat Top Deck to work and back from work.,,https://i.redd.it/t3fy4gx7st3z.jpg,1497539533.0,170,0.99,40,CasualUK,BlokeyBlokeBloke
6hf1f2,I found an old book that belonged to my grandad and these other books were advertised in the back,,http://i.imgur.com/mK5dov8.jpg,1497533797.0,55,0.99,8,CasualUK,Nicksaurus
6hdxwk,It's official...,Fab ice lollies are a national treasure.,https://www.reddit.com/r/CasualUK/comments/6hdxwk/its_official/,1497518719.0,49,0.93,38,CasualUK,dam3sy
6hdxnc,Some wildlife set up shop in me cap.,,https://i.redd.it/2y8qagx42s3z.jpg,1497518603.0,210,1.0,39,CasualUK,IchBinDragonSurfer
6hdbei,"Top Deck, Front Seat. AMA",,https://i.redd.it/dds5nr9y6r3z.jpg,1497508134.0,584,0.98,90,CasualUK,BlokeyBlokeBloke
6h7cvh,Pizza delivery on a train platform :),,http://i.imgur.com/h4alMoq.gifv,1497445537.0,1694,0.96,95,CasualUK,KumaLumaJuma
6h716h,"A random UK number just WhatsApp'd me a picture of some expired eggs, what should I reply with?",,http://imgur.com/vvCdkbQ.jpg,1497441703.0,69,0.99,33,CasualUK,TheAnimus
6h32q0,British Reality Cop Shows,"Aren't they just excellent? Not exciting like the American ones with 19 Crown Victorias chasing someone who's nicked a tank and filled it with machine guns. Not all po-faced and sensible like the Australian ones where they're all like, ""you were doing 43 kilometres per hour over the speed limit mate, we're going to have to confiscate your licence.""

None of that for us. Instead, we get the joys of, ""rapid response cop PC Kevin White suspects that this moped might be STOLEN."" Then they chase it through a park, the thief legs it and hides in a wheelie bin, so they get the chopper up or if it's one of the more rural police forces send a spaniel out to sniff round the bins for a bit. There's inevitably someone in a Clio who gets stopped for some utterly mundane reason, starts an argument, and turns out to have a glovebox full of weed. Plus the token drunk shocked as to why the police have any interest in the fact he's just driven his Vectra across a playground and crashed into a Wicksteed slide.

Our favourite is that one where they show computer-game style profiles of the traffic cops with statistics like, ""Favourite pursuit car: Skoda Octavia. Favourite colour: yellow. Favourite bald musician: Phil Collins.""

What do you like about our homegrown cop shows?",https://www.reddit.com/r/CasualUK/comments/6h32q0/british_reality_cop_shows/,1497389877.0,375,1.0,83,CasualUK,TimberwolfK
6h2b60,World record attempt - update 3,,http://imgur.com/MzcdSFs,1497382857.0,73,0.96,8,CasualUK,HarryGoLocky
6h2553,Anyone else get made to feel like shit at work today?,[deleted],https://www.reddit.com/r/CasualUK/comments/6h2553/anyone_else_get_made_to_feel_like_shit_at_work/,1497381320.0,57,0.92,64,CasualUK,[deleted]
6gzgro,British Wildlife Part Two,,https://i.redd.it/92ljybclme3z.jpg,1497356000.0,99,0.97,22,CasualUK,arabidopsis
6gz6h3,Has anyone seen these mental 3L bottles?,,https://i.redd.it/5naprxi6be3z.jpg,1497352200.0,91,0.96,71,CasualUK,[deleted]
6gylog,What stereotype about the UK winds you up the most?,"It's a glorious day today, I was walking to work this morning with my jacket off as it is too warm to wear it, the birds were singing, the sun's out, there's greenery *everywhere*, the lady at the coffee shop smiled and said good morning when I popped in for a coffee.  In short,  I couldn't help but think about how life here is all right.

So it winds me right up when I come on Reddit and see people - including a lot of my fellow Brits - banging on about how we live on a cold and gloomy island where it rains constantly.  The other stereotype that was all over [this thread](https://www.reddit.com/r/AskReddit/comments/6g7js0/what_should_you_not_do_when_you_go_to_england/) is that we don't talk to strangers, and that visiting tourists shouldn't speak to anyone.  What the fuck?  The Britain I know is full of right chatty people, people who will happily talk to you about any given subject.  To see people from this country telling the rest of the world is like that annoys me.  So what stereotypes annoy you?  Whether they're ones people have about us, or ones we perpetuate ourselves.",https://www.reddit.com/r/CasualUK/comments/6gylog/what_stereotype_about_the_uk_winds_you_up_the_most/,1497342853.0,272,0.95,628,CasualUK,Minky_Dave_the_Giant
6gvg8v,Gets me every time.,,http://imgur.com/I9xdbV0,1497304222.0,336,1.0,22,CasualUK,tomatoaway
6gujii,The burning issue of our times...,,https://imgur.com/gallery/jPBvv,1497295945.0,105,0.99,22,CasualUK,loudribs
6gt9f7,An unusually cheerful train conductor did this to my ticket,,https://i.redd.it/65a2c2l1q83z.png,1497284532.0,84,0.98,31,CasualUK,MellotronSymphony
6gs9s6,Soft drinks in bars and restaurants need to be capped on price.,"Sometimes I would rather drive than have a drink but I get put off by glasses of Pepsi which cost about ¬£2 when for not much more you can get a pint of lager. There needs to be a limit on how much places can charge for basic soft drinks, as to encourage designated drivers. And by basic soft drinks I mean those syrup based carbonated drinks; the profit margin on them is extortionate. Bars could still charge their higher prices for the J2Os and Appletises.",https://www.reddit.com/r/CasualUK/comments/6gs9s6/soft_drinks_in_bars_and_restaurants_need_to_be/,1497274838.0,59,0.93,64,CasualUK,kitjen
6gs0kd,"Had the sausage roll as a starter at a pub lunch in Winchester, it came as this. Have we reached Peak Hampshire yet?",[deleted],http://i.imgur.com/A5VnlXA.jpg,1497271894.0,65,0.96,44,CasualUK,[deleted]
6grn0a,British wildlife in all its glory,,https://i.redd.it/g1l3bvvt973z.jpg,1497266989.0,1740,0.97,40,CasualUK,[deleted]
6gqyps,"2,563 stations in 14 weeks: meet the couple visiting every railway station in Britain",,https://www.theguardian.com/uk-news/shortcuts/2017/jun/12/meet-couple-visiting-every-railway-station-britain,1497256062.0,57,0.86,49,CasualUK,[deleted]
6gnvsd,"British Jenga, going for a world record",,http://imgur.com/BOvef6M,1497215665.0,86,0.98,12,CasualUK,HarryGoLocky
6gmqh1,Whenever there's a slight heatwave,,http://i.imgur.com/eS8zMbo.png,1497203494.0,200,0.96,9,CasualUK,[deleted]
6glk1o,Managed to get a picture of a bee mid-flight whilst taking the dog for a walk today,,http://imgur.com/MwuYVX4,1497190238.0,73,0.95,4,CasualUK,HarryGoLocky
6gl2b2,England have won the (U20) World Cup!!,,https://www.reddit.com/r/CasualUK/comments/6gl2b2/england_have_won_the_u20_world_cup/,1497183033.0,125,0.95,15,CasualUK,[deleted]
6gkz4j,America was a mistake,,https://i.imgur.com/Q1dT8af.jpg,1497181536.0,91,0.96,35,CasualUK,interfail
6gkbpb,This piss poor McFlurry (xport from some other subreddit),,https://i.redd.it/bvr0teyrbv2z.jpg,1497168341.0,53,0.9,15,CasualUK,[deleted]
6gjv1y,/u/HPB showing off his cargo shorts,,http://i.imgur.com/HtUrtUv.jpg,1497159414.0,160,0.91,17,CasualUK,YOU_CANT_GILD_ME
6giacj,I just got a high five from Bill Bailey,I mean admittedly it was as he was running down the aisle at the Comedy Feast at Lincoln Castle but I'm still very pleased.,https://www.reddit.com/r/CasualUK/comments/6giacj/i_just_got_a_high_five_from_bill_bailey/,1497136875.0,87,0.99,7,CasualUK,AnEvilVet
6gi53p,"Hi lads, Jonny here Love Huddersfield and fit birds.",,https://i.redd.it/pj540hkodw2z.jpg,1497135082.0,235,0.9,36,CasualUK,dov123
6gg7tm,POW! SMACK! WALLOP! Batman (Adam West) has Died,,http://www.bbc.co.uk/news/world-us-canada-40235142,1497113263.0,69,0.87,17,CasualUK,EuropoBob
6gf9il,Summer in Lancaster.,,https://imgur.com/gehJxZK,1497101743.0,84,0.96,20,CasualUK,Nipso
6gf2he,Do you buy anything in bulk?,My [3kg of mini eggs](http://imgur.com/a/1WALV) just arrived and I'm wondering what sort of things you lot buy in bulk?,https://www.reddit.com/r/CasualUK/comments/6gf2he/do_you_buy_anything_in_bulk/,1497098959.0,84,0.95,135,CasualUK,[deleted]
6gdf2z,Alan Partridge returns to the BBC,,https://www.comedy.co.uk/tv/news/2645/alan_partridge_on_the_bbc/,1497068492.0,90,0.94,25,CasualUK,[deleted]
6g92ew,"I just put an offer in on a house, lads, and I'm having a breakdown.",[deleted],https://www.reddit.com/r/CasualUK/comments/6g92ew/i_just_put_an_offer_in_on_a_house_lads_and_im/,1497021681.0,142,0.97,34,CasualUK,[deleted]
6g8sau,Is this legal?,,https://i.redd.it/fymskyugsm2z.jpg,1497018968.0,55,0.98,20,CasualUK,Loquis
6g8nd4,Idiot on an escalator.,,https://i.imgur.com/aUDvgEH.gifv,1497017582.0,126,0.98,17,CasualUK,[deleted]
6g8maz,All 48 London Bridge attack victims who made it to hospital have survived!,,http://www.businessinsider.com/all-48-london-bridge-attack-victims-who-made-it-to-hospital-survive-2017-6?r=UK&amp;IR=T,1497017279.0,277,0.95,12,CasualUK,[deleted]
6g7gzb,Massive hula hoop!,,https://imgur.com/a/Qx0KE,1497002323.0,197,0.96,26,CasualUK,[deleted]
6g7e2i,GMP Twitter feed has the top bantz,[deleted],https://twitter.com/GMPCityCentre/status/873088899521720322,1497001056.0,98,0.91,8,CasualUK,[deleted]
6g6y6z,I lost 50lbs this year so I got a tattoo to celebrate!,"I can't show it off at work since I skived off to get it in my extended lunch ""hour"" so I'll flash it here. 

https://imgur.com/a/cZPy4",https://www.reddit.com/r/CasualUK/comments/6g6y6z/i_lost_50lbs_this_year_so_i_got_a_tattoo_to/,1496993362.0,79,0.92,72,CasualUK,DrIrisMarinusFenby
6g4k9f,University Result is in....,...Graduating with a First class degree in Software Engineering!,https://www.reddit.com/r/CasualUK/comments/6g4k9f/university_result_is_in/,1496963057.0,229,0.94,58,CasualUK,XiiMoss
6g0se6,I think this guy wants hemorrhoids,,http://i.imgur.com/FIA7Wxa.jpg,1496926795.0,55,0.97,14,CasualUK,kenbw2
6g0etk,We have truly reached the Golden Age,,https://i.redd.it/ku1ep0z7se2z.jpg,1496922054.0,1194,0.97,103,CasualUK,fisherpriceman
6fzook,Today we need to make an important decision. Crisps on sandwiches. Yes or No?,[deleted],https://i.redd.it/gfhgnvjotd2z.jpg,1496910436.0,290,0.94,117,CasualUK,[deleted]
6fz8qe,This is your 10 day warning. Father's Day is June 18th.,"Feel free to brainstorm.  
  
  &gt;Brainstorm 
  &gt;&gt;The term originally referred to a state of temporary insanity, gaining prominence when it was used in the defense of Harry Kendall Thaw against charges that he murdered prominent architect Stanford White (1907‚Äì1908).
 

 https://en.m.wikipedia.org/wiki/Brainstorm
  ",https://www.reddit.com/r/CasualUK/comments/6fz8qe/this_is_your_10_day_warning_fathers_day_is_june/,1496903231.0,91,0.97,65,CasualUK,[deleted]
6fw6wx,General Election: Please please please keep it out of this sub.,"I know it's going to be hard and you might be looking for a place to vent or a funny story to tell but please remember the rules of the sub and take it to /r/UnitedKingdom and /r/ukpolitics.  
  
I was just saying in the mod chat that one of my favourite things about this community is I don't know whether any of you are left, right, up, down or whatever else but we have a lot of fun - let's not tarnish that tomorrow.  ",https://www.reddit.com/r/CasualUK/comments/6fw6wx/general_election_please_please_please_keep_it_out/,1496867841.0,148,0.95,68,CasualUK,[deleted]
6fvoo2,"It's all gone to shit, lads",,https://i.redd.it/j4g28wj9x92z.jpg,1496863202.0,350,0.95,50,CasualUK,[deleted]
6fvknw,"Manchester City forward Nolito claims English weather has 'changed colour' of daughter's face. ""it looks like she's been living in a cave.""",,http://www.bbc.co.uk/sport/football/40193329,1496862195.0,53,0.96,12,CasualUK,[deleted]
6ftf12,My town is honouring the great Peter Sallis more than I expected.,,http://i.imgur.com/6JbjSS8.jpg,1496842146.0,81,0.95,6,CasualUK,losimagic
6fscrs,Don't forget tomorrow...,"That Mock The Week is returning for the latest series.

BBC Two 10pm",https://www.reddit.com/r/CasualUK/comments/6fscrs/dont_forget_tomorrow/,1496827885.0,258,0.95,93,CasualUK,Jebsticles
6frvdq,Who had right of way? (xpost from all over reddit),[deleted],http://i.imgur.com/CQWnlkm.gifv,1496819380.0,99,0.98,49,CasualUK,[deleted]
6frpu6,"Andy Cunningham (AKA Bodger, in Bodger and Badger) has died :(",,http://www.beyondthejoke.co.uk/content/4040/news-entertainer-andy-cunningham-dies,1496817047.0,169,0.93,58,CasualUK,quinn_drummer
6fkxpa,Summer in London,,http://imgur.com/oZYKGId,1496745117.0,1856,0.95,95,CasualUK,[deleted]
6fks3g,Britain (Crosspost from /r/videos),,https://streamable.com/4b8cs,1496742654.0,175,0.99,36,CasualUK,[deleted]
6ffc55,Well I've gone and done it...,"Introducing [Baby god_sidge](https://imgur.com/a/dRCiC).

What have I done? üòÅ",https://www.reddit.com/r/CasualUK/comments/6ffc55/well_ive_gone_and_done_it/,1496680748.0,63,0.88,81,CasualUK,god_sidge
6ff27h,"Last of the Summer Wine actor Peter Sallis, voice actor in Wallace and Gromit, has died aged 96",,http://www.bbc.co.uk/news/entertainment-arts-40165443,1496678303.0,214,0.96,24,CasualUK,[deleted]
6ferko,Partially blind fan offers official his cane,[deleted],http://gfycat.com/MarriedCheapAnophelesmosquito,1496675558.0,133,0.95,6,CasualUK,[deleted]
6fekkw,Drunk Geordies fined for pretending to be suitcases on airport carousel,,http://metro.co.uk/2017/06/05/drunk-geordies-fined-for-pretending-they-were-suitcases-on-airport-carousel-6686302/,1496673702.0,67,0.96,14,CasualUK,[deleted]
6fe8yx,IIss tthhiiss cclleeaarr eennoouugghh??,,https://i.redd.it/6crwnnyrzt1z.jpg,1496670360.0,254,0.97,19,CasualUK,BramblePaws
6fdjao,What is the deal with sparkling water?,It tastes so much worse than spring water but for whatever reason its always stocked alongside spring water. And every so often you'll pick up sparkling water and have to suffer through its non refreshing taste. Who the hell actually drinks it?,https://www.reddit.com/r/CasualUK/comments/6fdjao/what_is_the_deal_with_sparkling_water/,1496661431.0,102,0.92,94,CasualUK,GRI23
6fcuac,Travelling to my job interview AMA,,http://imgur.com/LojVkf4,1496649600.0,67,0.9,58,CasualUK,404Notfound-
6fcrn0,Stupid Sun.,,http://i.imgur.com/AXSR5SE.jpg,1496648244.0,104,0.91,38,CasualUK,HPB
6f9kck,A policeman dancing with children at the One Love Manchester concert,,https://twitter.com/spandaa/status/871460391632732160,1496607952.0,215,0.92,21,CasualUK,fisherpriceman
6f9ehp,There's no way this isn't a trap.,,https://i.redd.it/4zzuarsdpo1z.jpg,1496606299.0,133,0.99,13,CasualUK,InappropriateSurname
6f97ab,Got to see just how beautiful this country is today.,,https://i.redd.it/fa589dszio1z.jpg,1496604149.0,121,0.99,13,CasualUK,robbo_6
6f80ov,UK man finds out what happens when you boil beer in kettle,,https://www.liveleak.com/view?i=cef_1496415604,1496591581.0,144,0.95,28,CasualUK,Austere_Fostere
6f7lhs,I climbed Ben Nevis on Wednesday.,[deleted],https://i.redd.it/ukeyrtyi2n1z.jpg,1496586509.0,55,0.96,37,CasualUK,[deleted]
6f6nw0,Fleeing a terrorist attack like a Londoner.,,https://twitter.com/LyntonSpins/status/871159156581052416,1496571236.0,327,0.93,35,CasualUK,[deleted]
6f6due,"I'm 45 today,got nowt planned,Empire Strikes Back and some hearty food me thinks!!","So it's my Birthday,i don't have anything planned,stupid me forgot to change my FB settings so every man and his dog wants to wish me well,now thats all very nice,but it's a pain in the arse when all you want is a fry up and a pint of tea,i do like the fact my cats taken to chasing flies though!!",https://www.reddit.com/r/CasualUK/comments/6f6due/im_45_todaygot_nowt_plannedempire_strikes_back/,1496565385.0,90,0.95,68,CasualUK,haemhorrhoidian
6f3mun,London Attack Megathread,Keep all talk in here for organisational purposes please. Please let people know you are safe if you are near London Bridge. ,https://www.reddit.com/r/CasualUK/comments/6f3mun/london_attack_megathread/,1496525433.0,57,0.88,139,CasualUK,[deleted]
6f2lhb,I went back again,,https://i.redd.it/rzu23li31h1z.jpg,1496513400.0,76,0.96,16,CasualUK,patemup
6f2j2i,These guys were rightly proud of the magnificent hole they had spent the day digging.,,https://i.redd.it/m7k0x9htyg1z.jpg,1496512665.0,124,0.98,18,CasualUK,snotfart
6f289z,Oreo have ripped off jammy dodgers,,http://i.imgur.com/bnuHiH2.jpg,1496509326.0,133,0.96,35,CasualUK,dapperdan8
6f1wn7,Absolutely nothing dodgy here,,https://i.redd.it/gifiaxhwdg1z.jpg,1496505584.0,196,0.95,14,CasualUK,SpikeVonLipwig
6f0r2v,Bonnie day in County Durham today,,https://imgur.com/fwL5lEE,1496489637.0,62,0.96,8,CasualUK,tommygunner91
6f0ig4,Watching Nigella with your parents is more uncomfortable than watching a sex scene in a film.,That sultry minx!! Got half a lob on watching Saturday kitchen live here. ,https://www.reddit.com/r/CasualUK/comments/6f0ig4/watching_nigella_with_your_parents_is_more/,1496485145.0,180,0.94,31,CasualUK,didierdoddsy
6ew3lv,Let's talk ducks and duck related things.,"Hi All,  
 
Following up on Beavs message earlier which seems to have not gone down well, I had hoped to explain why we have decided to remove all duck related content going forwards from the Sub.  
  
We are still a new community trying to find our place on Reddit. What are we, what do we want to achieve and what content do we want to see. We're averaging around 50 - 100 new subscribers every day and we want to see those figures continue to rise (hopefully one day we might earn our place as ""The United Kingdom subreddit""). What we don't want is for the sub to pop up somewhere, a load of people join and what they see is pages of *terrible* photos of ducks - let's be honest there.  
  
We'll be introducing **""Wildlife Wednesdays""** from next week which will be a stickied thread where I want you to fill it up with ducks, squirrels, foxes and whatever other animals we have in the UK, or if you're better travelled, show us an Elephant. There will be a prize each week for the top voted animal photo!  
  
I understand that this is not a popular decision, as I can tell from the dozens of reports calling us Nazis and what have you but we have to keep the front page tidy, fresh and worth clicking on.  
  
As always, we love hearing your suggestions for making the sub better and to get as many people to join in as possible. 
 
Thank you,  
  
/r/CasualUK",https://www.reddit.com/r/CasualUK/comments/6ew3lv/lets_talk_ducks_and_duck_related_things/,1496427111.0,83,0.95,74,CasualUK,[deleted]
6evw8t,Bought what I thought were cocktails. Got this. WTF is going on with the world.,,http://i.imgur.com/SenSPPm.jpg,1496425190.0,84,0.9,67,CasualUK,HPB
6eudjz,What aspect of UK culture baffles you?,"For me - after working in bars for so long - it is undoubtedly summed up perfectly in [this picture.](http://i.dailymail.co.uk/i/pix/2016/05/31/17/34CCE07300000578-3618260-image-a-35_1464711668403.jpg) 


Hen parties, man! I just don't get why they happen the way they do, and why they are so popular that way! It's not the idea of hen and stag dos altogether, it's the neon colours and plastic knob straws. It's the sashes they wear with the utmost pride. It's bloody Carol from HR who kicks off cause she has to pay for the lime cordial in her half pint. I say, enough is enough. Am I alone in this? Tell me, what baffles you about us :)",https://www.reddit.com/r/CasualUK/comments/6eudjz/what_aspect_of_uk_culture_baffles_you/,1496410171.0,119,0.96,327,CasualUK,everything_i_am
6etit2,Shopkeepers are taking this 1940s weekend a bit far...,,https://imgur.com/uT1dT9g,1496398834.0,194,0.98,26,CasualUK,SquireBev
6etgip,Duck PSA - Don't feed bread to ducks,"It's nutritionally nearly empty for them and fills them up. No bread for ducks. If you want to feed the ducks, and other birds, take some bird seed with you.

[Linky](https://www.theguardian.com/environment/2015/mar/16/dont-feed-the-ducks-bread-say-conservationists)",https://www.reddit.com/r/CasualUK/comments/6etgip/duck_psa_dont_feed_bread_to_ducks/,1496397842.0,59,0.95,12,CasualUK,Alcoholic_Synonymous
6et726,"I went up North to Chelmsford and the train I took had doors I had to open manually! Sorry, what year is it?",,https://imgur.com/NsH5FHy,1496393383.0,101,0.95,75,CasualUK,[deleted]
6et6jp,Anarchist Pigeon at Waterloo (x-post from /r/London),,http://imgur.com/gallery/JETf2,1496393109.0,105,0.98,8,CasualUK,[deleted]
6et081,Are we not going to talk about how impossible it is to dress for this weather?,,https://i.redd.it/6q2iilnyt61z.png,1496389910.0,192,0.97,79,CasualUK,NineFeetUnderground
6esz1g,Any love for chickens instead of ducks?,,http://imgur.com/Xqbj8hC,1496389307.0,62,0.93,20,CasualUK,[deleted]
6esusw,Revisiting r/CasualUK after a week away......,,https://i.redd.it/jg7tojw6m61z.jpg,1496387297.0,247,0.91,43,CasualUK,-Bungle-
6er3ig,"Mods are asleep, post Casual Ukuleles",,https://i.redd.it/bm0t2m44p41z.jpg,1496364065.0,167,0.93,24,CasualUK,GRI23
6eonms,Ducks in a row,,https://i.redd.it/00vb6cvat21z.jpg,1496341289.0,109,0.96,16,CasualUK,unkleskev
6emznb,Coming to the end of a family holiday with friends. Things have escalated...,,http://imgur.com/FkJ5VEP,1496326349.0,92,0.95,21,CasualUK,elvismiggell
6elxr2,"Apparently baby starlings don't like strawberries, however tame they might be.",,https://imgur.com/lPbnhF3,1496314033.0,53,0.94,6,CasualUK,SquireBev
6elxhn,"Went to Cineworld yesterday, this has got to be a record for their smallest screen. It was like someones living room!",,https://i.redd.it/hwaphtewj01z.jpg,1496313925.0,102,0.97,68,CasualUK,Dr_Raff
6els4h,How common is your surname in the UK?,,http://forebears.co.uk/surnames,1496311642.0,76,0.98,177,CasualUK,mappsy91
6elmcp,Shit-geese and their demon spawn.,[deleted],https://i.redd.it/0yhdh8q4501z.jpg,1496309030.0,64,0.94,8,CasualUK,[deleted]
6elfkn,"Duck on a rock, bonus duck included",[deleted],http://i.imgur.com/hJQ08xx.jpg,1496305837.0,184,0.92,25,CasualUK,[deleted]
6ekran,Get on my breakfast level.,,http://i.imgur.com/H2QVA41.jpg,1496295276.0,59,0.91,71,CasualUK,ferrospork
6egci3,This pub looks very enticing from a distance...,,https://i.redd.it/gcvir175bv0z.jpg,1496250419.0,106,0.95,12,CasualUK,GRI23
6eeunp,The shit you have to put up with in corporate training.,,http://imgur.com/8x3R8cE,1496236263.0,397,0.96,102,CasualUK,HarryGoLocky
6ed8x7,Where Are We From Wednesday. ITT : We all pretend we're French.,"Following the surprising popularity of last week's American thread we thought we'd give a weekly thread a go.

Bonjour tout le monde, ces't moi - HPB !!! Ah am 'ere to tell you zat in zees thread you need to pretend you are from La France. HONHON !!!

Moi, ah lahk to eat fromage and ride mah bicycle avec some onions around mah neck. Zen I get mes amis and we make a roadblock of Eengleesh lamb and set fire to eet. 'appy days non ?

And √©coute moi !!! Please remember : politics = le non et being nasty = le double non. Comprendre ?",https://www.reddit.com/r/CasualUK/comments/6ed8x7/where_are_we_from_wednesday_itt_we_all_pretend/,1496213159.0,56,0.91,135,CasualUK,HPB
6e9jl5,Made me laugh,,https://i.redd.it/2u03aphduo0z.png,1496172138.0,67,0.92,10,CasualUK,[deleted]
6e7pj6,"""Frequently bought together""",,http://imgur.com/NYZTobi,1496154941.0,300,0.98,45,CasualUK,earlhickey
6e7kof,"Off out for some fanny, who's coming?",[deleted],https://i.redd.it/u799nbvxan0z.jpg,1496153484.0,72,0.95,9,CasualUK,[deleted]
6e79n4,Found a cat chilling in the road. This is my spirit animal.,,https://i.imgur.com/Qx8otjS.jpg,1496150077.0,59,0.94,24,CasualUK,kumquat_may
6e6mr5,"""This is a local stopping service, calling at....""",[deleted],https://i.imgur.com/iqrufvB.jpg,1496141957.0,194,0.93,46,CasualUK,[deleted]
6e6ml2,Behold; our national bird,,http://imgur.com/a/MyBvw,1496141881.0,56,0.93,37,CasualUK,thetoastmonster
6e686b,How many of you have a job where you don't do very much?,[deleted],https://www.reddit.com/r/CasualUK/comments/6e686b/how_many_of_you_have_a_job_where_you_dont_do_very/,1496135387.0,107,0.92,187,CasualUK,[deleted]
6e0bd0,Bit of cheese chasing today üßÄ,,https://i.redd.it/o8rftrqczf0z.jpg,1496065083.0,119,0.99,18,CasualUK,sdm97
6dyyt3,We all know it!,[deleted],https://i.gyazo.com/711cc257db557f0ed5d2a6662bee19b6.png,1496043426.0,1343,0.87,13,CasualUK,[deleted]
6dw50w,Excellent ad placement.,,http://i.imgur.com/jk8UF7O.jpg,1496005243.0,64,0.91,5,CasualUK,Notmyrealname08
6dvz0t,Watch out for leopards in Camden,,https://i.imgur.com/dMUGyzM.gifv,1496003359.0,143,0.95,23,CasualUK,[deleted]
6dvo4c,Guys - I've just found the fan I had been storing in my garage doesn't work.,,http://i.imgur.com/9unfFH5.gif?noredirect,1495999976.0,62,0.91,8,CasualUK,iHeartMila
6dv7fo,Question: how do we stop our cat getting battered by the three cats from next door?,I'm not going to glass a cat but I'm getting really fed up of the three little shits next door coming at mine. She stands up for herself but ultimately she's a bit useless at fighting and getting rid of three at once.,https://www.reddit.com/r/CasualUK/comments/6dv7fo/question_how_do_we_stop_our_cat_getting_battered/,1495994860.0,64,0.98,34,CasualUK,robotsoap
6dutdc,"The Isle of Man TT track, compared to other famous race tracks.",,https://i.redd.it/nfi9fcnnj70z.png,1495990637.0,84,0.95,32,CasualUK,[deleted]
6du7n3,I've just been up Roseberry Topping and rather predictably got my cock out at the top.,,http://i.imgur.com/aj3eFxS.jpg,1495983765.0,125,0.97,27,CasualUK,HPB
6dtxuc,Just found this in my wife's bedside drawer. Should I be worried?,,https://i.redd.it/ltzz3xzwz80z.jpg,1495980279.0,115,0.93,45,CasualUK,gazchap
6dtmk2,"""Gourmet""",,https://i.redd.it/91oa8kbim80z.jpg,1495975772.0,116,0.99,63,CasualUK,[deleted]
6dtc2i,Bit late to the party but... Here's the British section in Baltimore MD.,,https://i.redd.it/8kmuj5pb880z.jpg,1495971006.0,48,0.93,48,CasualUK,[deleted]
6dt6dn,I'm just wanting to check something here....,....Every house in the UK has a tin of golden syrup welded to a cupboard shelf doesn't it?,https://www.reddit.com/r/CasualUK/comments/6dt6dn/im_just_wanting_to_check_something_here/,1495967919.0,318,0.98,85,CasualUK,tommygunner91
6dss66,My mate bought a picture frame. But he doesn't have enough pictures to fill it up so he named all the models in the stock photos and pretends to know them.,,http://imgur.com/dOPKpVn,1495959799.0,87,0.93,9,CasualUK,HarryGoLocky
6drgkz,"I can't sleep, so here are some pigeon heels.",,https://imgur.com/r5HerlQ,1495937507.0,223,0.94,38,CasualUK,KumaLumaJuma
6dn53g,Armed police posing with a 12 year old boy. Nice to see our officers smiling,,https://i.redd.it/xy4ncfmbz00z.jpg,1495883223.0,327,0.93,68,CasualUK,[deleted]
6dmuv1,Fuck you too Virgin Media.,[deleted],https://imgur.com/5oI8jdJ,1495877919.0,192,0.96,39,CasualUK,[deleted]
6dmiof,Accidental pidgeon theft,"Ahead is a long and boring account, but essentially my family have accidentally stolen a pidgeon, I think.

It just turned up in our garden one day, so we fed it. Once it realised that our house was free food however it decided to stay, which we weren't‚Äã expecting.

My dad at this point named it Percy and started talking to it, but that's pretty standard dad behaviour right? The issue is that he lets it into the house.

At some point we noticed it had a tag on. Looking it up online it apparently comes from near Southampton way. The website told us ""not to allow it liberty"", but we're all too scared to try and pick it up.

At this point Percy feels like part of the family and we don't really‚Äã to see him go, however it does technically belong to someone, so we're conflicted.

Any pidgeon experts who can offer advice would be much appreciated.

Edit: Apparently I've been spelling pigeon wrong my whole life.",https://www.reddit.com/r/CasualUK/comments/6dmiof/accidental_pidgeon_theft/,1495871198.0,79,0.95,46,CasualUK,HaskIt27
6dh71s,"Girl, 11, accuses school of war crime in feedback form - BBC News",,http://www.bbc.co.uk/news/uk-scotland-40056693?ocid=socialflow_twitter,1495808032.0,88,0.92,33,CasualUK,joethesaint
6dh1sa,"Who else cringes at the word ""poop""",I mean seriously what are you fucking 7 or something,https://www.reddit.com/r/CasualUK/comments/6dh1sa/who_else_cringes_at_the_word_poop/,1495806481.0,80,0.94,54,CasualUK,TheJungleVIP
6dgq1p,I've been called upon as a first aider for the first time because one guy headbutted another at work AMA,"Bit of background- I work in a shitty bit of Birmingham doing chemicals and powder coating. I'm the only person on the shop floor with a GCSE.        
___     
Guy 1 and 2 don't like each other. They're the type who always chat about ""polo"" at work, biting each others head off etc. Recently they've been extremely petty about tea supplies at work.       
Yeah we're a fucking stereotype deal with it.        
The pair of them have an argument over it on monday, don't speak to each other for the rest of the week. Fine.      
Apparently guy 1 wants to get something out the warehouse, guy 2 is doing something in there. Guy 1 asks 2 to ""move your fucking truck out the way"".       
Guy 2 says something to the effect of ""manners, don't speak to me like that"".         
Guy 1 gets off his forklift and nuts 2.          
___      
First I hear of this is the manager running to get me and asking me to have a look at guy 2. He has a nicely swollen cheek with a cut, but it's all clean, no concussion or cheek bone break as far as I can tell and the swelling goes down after application of a makeshift icepack (I ended up ripping the furry ice from the inside of the freezer out). He rings the police while I'm assessing him, and we then have to persuade him to stay and wait for the HR lady to appear to get a statement from him.        
___       
After all this, his mate picks him up and I'm satisfied he's not going to keep over and die, but guy 2 takes down guy 1's car reg and make, swearing blind he's not coming in on tuesday (he's in on an agency contract) and that once guy 1 is sacked guy 2 will ""sort it his way"". Fun.      
Some people from the other bit of the factory ask me what happened, and scoff when I mention he rang the police.     
""What a pussy, should sort it himself.""      
I point out the police could potentially do something, and one of the older (otherwise sound) guys says ""Nah, it's not really how we sort it round here.""       
         
___       
Best. Work story. Ever. AMA.",https://www.reddit.com/r/CasualUK/comments/6dgq1p/ive_been_called_upon_as_a_first_aider_for_the/,1495802791.0,54,0.95,86,CasualUK,Toasterfire
6dfral,BREAKING: Cardiff residents concerned for general wellbeing after a third day of pretty alright weather. Sales of suncream and cold ones for the boys up 700%,[deleted],http://imgur.com/fT2V7WB,1495788334.0,692,0.96,39,CasualUK,[deleted]
6ddd3e,Check out this 50p coin I just found in my wallet,,http://i.imgur.com/JkxWnYJ.jpg,1495755458.0,98,0.97,32,CasualUK,kenbw2
6db5y3,Nice evening for a stroll üö∂,[deleted],https://i.redd.it/8a299rg0nozy.jpg,1495733802.0,60,0.98,8,CasualUK,[deleted]
6daktd,I love England on days like this,,http://imgur.com/YEH3Jcd,1495728466.0,159,0.98,33,CasualUK,DisputedDetails
6da0h3,Manchester crowd spontaneously sings Don't Look Back in Anger following minute's silence,,http://www.telegraph.co.uk/news/2017/05/25/manchester-crowd-spontaneously-sings-dont-look-back-anger-following/,1495723145.0,68,0.91,29,CasualUK,fisherpriceman
6d92js,On my way to a job interview!,,http://imgur.com/SR2SKFv,1495712466.0,50,0.85,33,CasualUK,404Notfound-
6d8c4w,ITT : We all pretend we're Americans.,"As we have a large number of subscribers from the USA (at least 3) I thought it would be a nice idea to try and make them feel at home by pretending we're American in a thread. They're all asleep now so it'll be a nice surprise for them when they wake up.

Please be nice and remember the no politics thing and try not to be nasty.

Howdy y'all, I'm HPB and I hail from the USA. I'm the rootingest tootingest mod on the block and I just wanted to post this message from my new mobile cellular telephone whilst walking down the sidewalk. But hey man I'm taking care, I'm not going to jaywalk. I don't want to end up in Alcatraz ! I'd be really butthurt and pissed if that happened.

I'm wearing salmon colored pants today.

Catch you on the flipside !

HPB.",https://www.reddit.com/r/CasualUK/comments/6d8c4w/itt_we_all_pretend_were_americans/,1495700786.0,1477,0.9,1116,CasualUK,HPB
6d3wtx,Adjectives in English are in this order: opinion-size-age-shape-colour-origin-materiel-purpose-noun [x-post /r/interestingasfuck],,https://imgur.com/46kLQuf,1495649497.0,52,0.98,4,CasualUK,Gusfoo
6d3qk5,The real British response to ISIS,,https://streamable.com/cle19,1495647923.0,123,0.95,13,CasualUK,GlockWan
6d3c69,And it starts...,,http://imgur.com/3c34XwV,1495644254.0,388,0.95,49,CasualUK,DoctorTrout
6d2ugn,"As an American studying abroad in England, I have to know... did they know what they were doing?","I've been studying abroad in England since June of last year (and lived here when I was younger), so I like to think I've got a decent grasp of the slang and dialect. Still, I'm not so sure about this one, so I want your guys' help.

I saw a lorry today from a company that installs construction scaffolding. They boldly proclaimed themselves ""the erection experts."" Did they know what they were doing? ",https://www.reddit.com/r/CasualUK/comments/6d2ugn/as_an_american_studying_abroad_in_england_i_have/,1495639729.0,55,0.93,46,CasualUK,pear40
6d22a5,Twister spotted in St Helens,,https://youtu.be/68eAzj2tEnI,1495631864.0,170,0.94,18,CasualUK,banterousbanana
6d1hpz,The sun's out and I've just picked up this magnificent beast from Tesco.,,https://i.redd.it/omtalovpmfzy.jpg,1495624744.0,70,0.96,35,CasualUK,SamCooper07
6d17ho,I had a lovely DLR conductor this morning.,"Very hot, packed commute from Royal Victoria to Bank but the conductor was wonderful. Some of his quips from this morning:  
  
- Come on everyone, squeeze up together. Become friends with someone you don't know yet... I dare you.  
- We've been held at this platform for a few minutes due to a ""customer incident"" at Westferry. No idea what's happened, but I bet *someone's shit themselves*.  
- If you're feeling a little tight for space, just elbow the man next to you in the ribs. It will probably make your day that little bit better, even if it makes his a little worse.  
- My favourite part of this job is watching morons bouncing off the doors once they've closed. It's like being in a zombie movie!  
- If you lose any of your possessions, please log onto my own personal website where you can claim them back for a small fee. It's 215 days to Christmas and I have children to feed.  
- Have a wonderful day everyone. Work hard, play nicely and do your DLR conductor proud.  
  
Everyone was laughing and smiling at each other, lovely scenes. Amazing how one person can brighten up a few hundred peoples days.  
  
What's the best thing your train driver / conductor etc. ever said over the tannoy?",https://www.reddit.com/r/CasualUK/comments/6d17ho/i_had_a_lovely_dlr_conductor_this_morning/,1495620465.0,153,0.96,29,CasualUK,[deleted]
6d13g4,410 years ago today 100 English settlers disembarked in Jamestown and invented America.,If we picked 100 of us idiots to name a new town/country/city what would it be called?,https://www.reddit.com/r/CasualUK/comments/6d13g4/410_years_ago_today_100_english_settlers/,1495618600.0,55,0.95,92,CasualUK,HarryGoLocky
6d00e2,A queue has formed outside the Blood Donor Centre in Manchester this morning,[deleted],https://twitter.com/danielhewittitv/status/866935412668989440,1495600983.0,121,0.98,9,CasualUK,[deleted]
6cyzpi,I was visiting my mom's grave today &amp; saw this flag was at half mass. I paused for a moment of silence in remembrance of Manchester &amp; the UK. We Americans are thinking of you and we are by your side!,,https://i.redd.it/upq54crjnczy.jpg,1495588724.0,84,0.88,30,CasualUK,SunnyBunchy
6cv461,Love and hugs..,"Hey all. American Anglophile here. I hesitated to post cuz didn't feel like I had the right not being from UK. I love to lurk and read you all because it gives me a glimpse of what real life is like over there. But I had to tell you that you all have my heartfelt prayers and sympathy over last night's events. I cannot imagine the shock and horror and pain you all must be going thru. 

Please be aware we are praying for you and we love you all. Sorry to intrude..",https://www.reddit.com/r/CasualUK/comments/6cv461/love_and_hugs/,1495550991.0,67,0.91,67,CasualUK,crochetandcats
6cum9b,Sir Roger Moore has died,[deleted],http://www.bbc.co.uk/news/entertainment-arts-40018422,1495545765.0,247,0.93,49,CasualUK,[deleted]
6ctc0w,The Hamster has a name. Say hello to Lewis.,,https://i.redd.it/y5rswkl0k7zy.jpg,1495526977.0,66,0.94,24,CasualUK,[deleted]
6cta89,Blood donation in Manchester,"By now the reality of last night has hit and I'm sure we all want to help in any way.

A small but important part of after care is blood donations.

To anybody in the Manchester area, local NHS Trusts are in need of blood donations and are urging people to help! 

To find your nearest blood donation center follow this link and put in your address, it really is that simple!

https://my.blood.co.uk/",https://www.reddit.com/r/CasualUK/comments/6cta89/blood_donation_in_manchester/,1495526111.0,77,0.92,23,CasualUK,HarryGoLocky
6cqupw,Manchester Megathread - Possible explosion at Ariana Grande concert,"[Link to /r/UnitedKingdom thread](https://www.reddit.com/r/unitedkingdom/comments/6cqac6/possible_explosion_at_manchester_arena/?sort=new)  
  
[Link to /r/WorldNews thread](https://www.reddit.com/r/worldnews/comments/6cqdye/manchester_arena_explosions_two_loud_bangs_heard/)  
  
Any political, harmful or other horrid remarks will result in a permanent ban.",https://www.reddit.com/r/CasualUK/comments/6cqupw/manchester_megathread_possible_explosion_at/,1495495001.0,53,0.94,104,CasualUK,[deleted]
6cq3uk,A decision was made,,http://i.imgur.com/mTQ9r9n.jpg,1495487442.0,99,0.99,8,CasualUK,kenbw2
6cp9d5,Saw this on /r/AccdientalComdey and thought you lot might get a chuckle from it,,https://i.redd.it/i2v9wp7781zy.jpg,1495479515.0,611,0.97,32,CasualUK,pizzabeer
6cndd0,Just passed my driving test!,"At the ripe old age of 28 I finally took my first driving test this morning, and somehow passed first time! Thought it was all over when I knocked the kerb on the parallel park, but the examiner was great and said ""it was only a graze. Bet you thought you failed there though eh?""

Now to annoy all you drivers by going 30mph everywhere and being too afraid to come out of that junction and just sitting there for 5 minutes looking for a clear road.  

Anyone else got theirs coming up soon? 

Edit: Congrats to /u/5225225 for passing the theory test today!",https://www.reddit.com/r/CasualUK/comments/6cndd0/just_passed_my_driving_test/,1495461269.0,97,0.97,85,CasualUK,Dafman
6cmmse,A big issue seller in Oxford Street.,,https://i.redd.it/jnayj7p4v0zy.jpg,1495451856.0,256,0.95,25,CasualUK,[deleted]
6clktg,Came across this on the back of an A-Level Ancient History paper last week. Poor kid!,,http://i.imgur.com/WA5JNiJ.jpg,1495433920.0,163,0.97,55,CasualUK,NervousEnergy
6ciune,"Shitty Advice Thread. Post a real life problem you're currently dealing with and other CasualUKers reply with awful, awful advice.",,https://www.reddit.com/r/CasualUK/comments/6ciune/shitty_advice_thread_post_a_real_life_problem/,1495399214.0,58,0.9,206,CasualUK,[deleted]
6chc2p,A guide for American Soldiers being stationed in Britain during WW2.,,http://www.hardscrabblefarm.com/ww2/britain.htm,1495383083.0,157,0.98,45,CasualUK,[deleted]
6cfxcf,Front seat on the DLR. Tickets please!,,https://imgur.com/2KHzj6V,1495363390.0,91,0.94,18,CasualUK,[deleted]
6cfnk0,Susie Dent fucking swearing! The origins of fuck.,,https://www.youtube.com/watch?v=L77gk5QEZFo,1495357714.0,119,0.92,26,CasualUK,TheAkondOfSwat
6cc9tr,Another Bristol student banned from Eduroam but this time for illegally downloading Shrek,,https://thetab.com/uk/bristol/2017/05/20/eduroam-ban-another-bristol-student-illegally-downloading-shrek-29841,1495309003.0,81,0.92,36,CasualUK,wickro
6cbh7s,Bob Mortimer!,,https://twitter.com/RealBobMortimer/status/865966709475352576,1495300424.0,74,0.98,24,CasualUK,itsaride
6cagir,I've just got my cock out in Twickenham.,,http://i.imgur.com/pHpRKBd.jpg,1495288470.0,423,0.91,42,CasualUK,HPB
6c9jjk,After Action Report: Liverpool Meetup,[deleted],https://www.reddit.com/r/CasualUK/comments/6c9jjk/after_action_report_liverpool_meetup/,1495272838.0,118,0.96,46,CasualUK,[deleted]
6c5954,"It's a jackpot of ¬£91,000,000 on the lotto tonight? What would you do with your winnings?",I'd buy a house in Hebden Bridge then die within the next 2 years face down in a jaccuzi surrounded by rent boys. Yourselves?,https://www.reddit.com/r/CasualUK/comments/6c5954/its_a_jackpot_of_91000000_on_the_lotto_tonight/,1495216280.0,73,0.98,110,CasualUK,[deleted]
6c4xyx,Funniest little thing on TFL rail,"Was sitting on the train from Liverpool Street to Stratford, announcement that the train was cancelled and we all had to move over to the adjacent train so they could take that one back to the depot.  
  
We all move over and just as the first train is closing the doors, some poor geezer jumps on looking all smug until he notices he's sitting on an empty train, pawing at the window as he's whisked away.   
  
Have a good journey to the depot chap.",https://www.reddit.com/r/CasualUK/comments/6c4xyx/funniest_little_thing_on_tfl_rail/,1495213397.0,180,0.98,19,CasualUK,[deleted]
6c2uh6,I've had 2 shifts at Wetherspoons. Here's an update.,"If I remember correctly the first pint I pulled was a John Smiths a little while after 1 (my shift started at 1) I can't really be more specific than that, because I can't really remember (I forget everything when I'm tired.) That first shift, I was on the bar for the full shift, but it was fun, and that was Wednesday. I wasn't too good at the ales, with the hand pumps, if I go too quickly, it ends up being really frothy and they kinda complain, if I go slowly, they complain I'm being slow. There was 1 rude customer, he asked for a tall glass, and I asked if a tulip glass would be OK, and he asked for a tall one, I then asked if a Strongbow glass was OK, and he got annoyed saying ""it's just a f**king glass, don't be so fussy"" and he was the one who asked for it in the first place. I just hope that karma deals some passive-aggressive revenge to him.

Yesterday, they put me on the bar again at first, and they got me to wash some glasses, restock the cupboard (which I had to stop partway through, since they needed me to go back onto the bar) and then in the evening, they asked me to go on the floor and waiter food. It was hectic, to say the least. They have this pager thingie, which vibrates when food needs delivering, and while I'm also delivering food, I need to check back on everyone's meal, clear plates from tables, and deliver glasses to the glass wash, and every Thursday, a nightclub opposite (Sin City) has a Sin Savers night, so there are loads of students. I pretty much had to weave around them, looking for whatever table needed food, check if there were any empty plates to take back to the kitchen, and I just about got that done. By the time I had to leave, I had barely taken any glasses back or reset the tables, but I apparently did good. And for my first shift on the floor, on a hectic day anyway, I did my best, considering I was the only one delivering food, and on the floor. I was also offered to work later, but since I rely on public transport, I didn't think I could get a lift so maybe another time.

I am enjoying it, but it's tiring, but it seems rewarding, so far.

Edit: I just remembered, on my first day a staff member (not me) smashed a glass, and I cleaned it up for them, because they couldn't find the dustpan and brush and they were kitchen staff too. Also, I had to make a pitcher of woo woo, at 3 o'clock, I think. I also made some gins and got one of the regulars many sambuca shots.",https://www.reddit.com/r/CasualUK/comments/6c2uh6/ive_had_2_shifts_at_wetherspoons_heres_an_update/,1495190320.0,106,0.95,84,CasualUK,[deleted]
6c2f3b,Bristol student is banned from eduroam for illegally downloading Chicken Run,,https://thetab.com/uk/bristol/2017/05/17/bristol-student-banned-eduroam-illegally-downloading-chicken-run-29797,1495183139.0,430,0.97,117,CasualUK,Tim-Sanchez
6c2du4,Absolute rip-off,,https://i.redd.it/b4dz05yk3fyy.png,1495182471.0,56,0.95,27,CasualUK,youngbee2
6bxqsw,Rip Wetherspoons uniform,,https://streamable.com/chop1,1495129049.0,71,0.9,39,CasualUK,404Notfound-
6bw6cy,CasualUK picture of yourself/selfie thread,[deleted],https://www.reddit.com/r/CasualUK/comments/6bw6cy/casualuk_picture_of_yourselfselfie_thread/,1495114100.0,96,0.97,411,CasualUK,[deleted]
6buz7g,"Workers of /r/CasualUK, what's the water cooler gossip at the moment?","Ed, a relatively junior member of staff, has been in a relationship with Emma (senior manager, about 15 years older than Ed which is drama enough) who works on the floor above us. Apparently they broke up a few days ago and have not been speaking at all, dividing the office in twain. They've also got people to plan their smoke breaks so they don't go outside at the same time.  
",https://www.reddit.com/r/CasualUK/comments/6buz7g/workers_of_rcasualuk_whats_the_water_cooler/,1495097317.0,55,0.99,112,CasualUK,[deleted]
6buxz6,"Since we're doing this, British section of my local supermarket in Sydney. Note delicious Double Deckers.",,https://imgur.com/a/uBXyH,1495096703.0,138,0.97,92,CasualUK,zeropoundpom
6boxlx,While ducks are popular lets not forget the original and best duck of them all!,,http://i.imgur.com/aclP8PY.jpg,1495030346.0,86,0.94,23,CasualUK,8luke
6bo6rf,Margate wanted poster,,https://i.redd.it/rl4cc51du1yy.jpg,1495022022.0,59,0.96,32,CasualUK,aerfen
6bnr2x,When your gravy says something hilarious and you just think,,https://i.redd.it/wk62kb8ma1yy.png,1495015349.0,957,0.93,32,CasualUK,[deleted]
6bjevg,The UK shelf in the ethnic food aisle of a Zurich supermarket.,,https://imgur.com/wXDKWjH,1494960523.0,442,0.96,174,CasualUK,Mish106
6bhqmf,"A cheaper, tastier way to eat lunch at work?-BBC reporter discovers that you can make sandwiches by hand",,http://www.bbc.co.uk/news/av/business-39896838/a-cheaper-tastier-way-to-eat-lunch-at-work,1494944387.0,111,0.97,54,CasualUK,Weaselord
6bgcxd,Granny trying to travel six miles accidentally drives from Worcester to Glasgow,,http://www.dailyrecord.co.uk/news/scottish-news/kind-couple-take-confused-gran-10417697,1494925294.0,82,0.99,40,CasualUK,InappropriateSurname
6bfzn9,Don't you hate it when this happens? I'm British you bastards!!,[deleted],https://i.redd.it/xzgkcluhatxy.jpg,1494918434.0,168,0.94,28,CasualUK,[deleted]
6bbuhy,You guys have some strong feelings.,,https://imgur.com/s2dmFdI,1494869851.0,123,0.93,24,CasualUK,[deleted]
6bb3ko,Does this make you uneasy?,,https://i.redd.it/707a1k9gooxy.jpg,1494862612.0,788,0.95,135,CasualUK,Sebedee
6ba715,A reminder that moments like this are why the TV License fee is worth it,,https://metrouk2.files.wordpress.com/2015/02/ad_158583848.jpg,1494852754.0,122,0.98,58,CasualUK,_rickjames
6b94ts,What's the weirdest thing you've seen someone eat in public?,I say this because my colleague is currently tucking into a big raw radish next to me. Who eats a radish?!,https://www.reddit.com/r/CasualUK/comments/6b94ts/whats_the_weirdest_thing_youve_seen_someone_eat/,1494835546.0,54,0.98,136,CasualUK,[deleted]
6b8xby,Does anyone else think it's odd when people address their parents by their first name?,,https://www.reddit.com/r/CasualUK/comments/6b8xby/does_anyone_else_think_its_odd_when_people/,1494831785.0,130,0.96,93,CasualUK,PhoneySoprano
6b87dg,Duck!,,http://imgur.com/3P3lUBQ,1494820366.0,73,0.97,10,CasualUK,404Notfound-
6b64cc,I had my trial shift at Wetherspoons. I officially start Wednesday.,"The trial shift went really well, I mainly did serving people's food, and cleaning tables and just generally getting to know the layout of it. I, unfortunately, didn't get to pour a pint, but when I start on Wednesday, I might be able to then. I saw the person I was paired with pour one, though, as someone had ordered through the app. Any questions?",https://www.reddit.com/r/CasualUK/comments/6b64cc/i_had_my_trial_shift_at_wetherspoons_i_officially/,1494794246.0,232,0.96,80,CasualUK,[deleted]
6b5glt,"I promised /u/sheetmaan a picture of the inaugural lasagne made with the pasta maker he got me, here it is.",,https://imgur.com/BTGoJip,1494787074.0,54,0.98,31,CasualUK,F7oraColossus
6b3yce,Incompetent fuck wit of the day award goes to...,[deleted],https://www.reddit.com/r/CasualUK/comments/6b3yce/incompetent_fuck_wit_of_the_day_award_goes_to/,1494769475.0,146,0.97,41,CasualUK,[deleted]
6b389k,Unpopular opinion thread.,I'll start. Vic and Bob are shit. ,https://www.reddit.com/r/CasualUK/comments/6b389k/unpopular_opinion_thread/,1494756980.0,66,0.9,557,CasualUK,HarryGoLocky
6b0bum,Bad News - If everyone talked liked a BBC News reporter,,https://vimeo.com/195598028,1494711375.0,50,0.94,5,CasualUK,Inspector_Sands
6b04l8,Handy guide to Belgium's Eurovision entry for those who wish to dance from home.,,https://s-media-cache-ak0.pinimg.com/originals/e7/95/d7/e795d71c4278e1cd7877a22f9bc95409.jpg,1494708968.0,48,0.96,2,CasualUK,ArtistEngineer
6ays1u,The tattoo studio me and my girlfriend go to has a signed picture of Ainsley Harriott. It doesn't get much better than that.,,http://imgur.com/GZ6gmFt,1494693734.0,80,0.99,7,CasualUK,HarryGoLocky
6aynb0,"As we get towards summer, don't be this guy",,https://m.youtube.com/watch?v=6YzyaPgSHZc,1494692226.0,51,0.87,9,CasualUK,maxserjeant
6aylod,"I've got this and you haven't, you losers.",,http://i.imgur.com/Kf93UN5.jpg,1494691701.0,424,0.95,57,CasualUK,HPB
6ayfvj,Just saw this car in town,,https://i.imgur.com/opSX6LP.jpg,1494689844.0,58,0.96,18,CasualUK,Jebsticles
6aybh6,EUROVISION 2017,"Location: Ukraine
Kick-off: 8pm    
Channel: BBC1  
  
[Official Link](https://eurovision.tv/event/kyiv-2017/results?round=83#results)
  
**Running order**  
  
1. Israel  
2. Poland  
3. Belarus  
4. Austria  
5. Armenia  
6. The Netherlands  
7. Moldova  
8. Hungary  
9. Italy  
10. Denmark  
11. Portugal  
12. Azerbaijan  
13. Croatia  
14. Australia
15. Greece  
16. Spain 
17. Norway  
18. **United Kingdom**  
19. Cyprus  
20. Romania  
21. Germany  
22. Ukraine  
23. Belgium  
24. Sweden  
25. Bulgaria  
26. France",https://www.reddit.com/r/CasualUK/comments/6aybh6/eurovision_2017/,1494688416.0,90,0.95,2335,CasualUK,[deleted]
6axol3,Revision help for people taking their A-Level French - Mitchell and Webb,,https://www.youtube.com/watch?v=K5RsaOOsZFk,1494680155.0,74,0.95,17,CasualUK,slamalamafistvag
6axgs6,The world is against me. What crap has happened to you today?,"Today I was being a proper little domestic god and changed the bed sheets. A few minutes later I spilled a cup of tea all over the bed. Not only have I wasted a perfectly lovely cuppa I have also stained the mattress with what looks like a piss mark.

Then I cleaned it up and was planning on spending a couple of hours online looking at what cancer  or deadly disease Google tells me I have because I have a headache but my broadband is down so I only have mobile internet and I'm in a black spot so it's d e a d  s l o w.

So, I decided to be healthy and go for a walk and it's started to piss down, then I sat on the bed in the wet patch!

ARRRGH!

Is anyone else having a shit day?",https://www.reddit.com/r/CasualUK/comments/6axgs6/the_world_is_against_me_what_crap_has_happened_to/,1494676739.0,66,0.97,60,CasualUK,[deleted]
6awkvk,Why are you awake already on a Saturday?,,https://www.reddit.com/r/CasualUK/comments/6awkvk/why_are_you_awake_already_on_a_saturday/,1494658884.0,61,0.89,137,CasualUK,telephone_monkey_365
6auoif,Someone keeps phoning me and singing stand and deliver,I've asked him to stop it but he's adamant! ,https://www.reddit.com/r/CasualUK/comments/6auoif/someone_keeps_phoning_me_and_singing_stand_and/,1494630764.0,121,0.98,9,CasualUK,Eranou287
6ar25f,Ainsley Harriott the absolute madman!,,http://i.imgur.com/eAi3eQ2.gifv,1494593030.0,99,0.98,11,CasualUK,HarryGoLocky
6aqddk,"I'm 14 and I decided to do something with my hormones, so I drew my crush",,https://imgur.com/a/GSL3U,1494582927.0,984,0.76,59,CasualUK,samtheking25
6aq7dz,My First Attempt Making A YouTube Video Explaining What To Expect In A British Prison,[deleted],https://youtu.be/fZ03YMs67LM,1494579909.0,51,0.96,9,CasualUK,[deleted]
6amqsq,Work drinks and my pal brings his best buddy along.,,https://imgur.com/l96odz2,1494534231.0,59,0.91,23,CasualUK,[deleted]
6amb6s,My local police took an epic photo this morning,,https://twitter.com/OPUShropshire/status/862525322616590340,1494530117.0,64,0.94,20,CasualUK,BellisBlueday
6alrjj,Finally made toad in the hole after a couple days of being lazy.,,http://i.imgur.com/idogubZ.jpg,1494525074.0,84,0.97,33,CasualUK,F7oraColossus
6akzo3,"Don't let the Yanks panic you, it's not Mother's Day this weekend.","Though if you thought it was, you probably forgot about it as it was two months ago, you spacker.",https://www.reddit.com/r/CasualUK/comments/6akzo3/dont_let_the_yanks_panic_you_its_not_mothers_day/,1494518068.0,166,0.97,21,CasualUK,smushkan
6aklbf,The only way is Ainsley,,https://imgur.com/0v9wGkk,1494514263.0,77,0.94,27,CasualUK,[deleted]
6ajldx,"These have just been posted in my towns for sale page, title 'Greggings for sale'.",,https://i.redd.it/k69pimayzuwy.jpg,1494503249.0,611,0.95,30,CasualUK,JAZZ_BAA
6aioei,Car modified to look like 'Thomas the Tank Engine' stopped by police,,http://www.examiner.co.uk/news/west-yorkshire-news/car-modified-look-like-thomas-13016812,1494488023.0,59,0.95,26,CasualUK,[deleted]
6afww0,Why the fuck would I want caffeine for my hair?,,https://www.reddit.com/r/CasualUK/comments/6afww0/why_the_fuck_would_i_want_caffeine_for_my_hair/,1494453157.0,64,0.94,59,CasualUK,Harry_monk
6adj1g,Worth knowing the offices of the South Yorkshire Police Operations Complex are on Letsby Avenue.,,"https://www.google.co.uk/maps/place/South+Yorkshire+Police+Operations+Complex/@53.3964258,-1.4005894,16.51z/data=!4m13!1m7!3m6!1s0x487977c3772a9353:0xa4b1e940b7ae6f81!2sLetsby+Ave,+Sheffield+S9!3b1!8m2!3d53.395609!4d-1.3986883!3m4!1s0x0:0x4a42f26951f7a8f3!8m2!3d53.3960491!4d-1.3995787",1494430633.0,69,0.98,15,CasualUK,InappropriateSurname
6ad9y3,Don't you just love it when you can go to Sheffield and look forward to a pint and a...,,http://imgur.com/a/kzctf,1494428264.0,76,0.98,8,CasualUK,pokawaii
6ac5if,Skittles doesn't control me,,https://i.redd.it/sm9jc9glqnwy.jpg,1494415355.0,1050,0.88,58,CasualUK,jspencer501
6ac543,Having a debate with people from work- is getting drunk on cheap cider and fingering in a park a British cultural tradition?,The room seems very divided on the issue so we're looking for some level headed people to help us decided. We couldn't find any of them so decided on asking in here instead.,https://www.reddit.com/r/CasualUK/comments/6ac543/having_a_debate_with_people_from_work_is_getting/,1494415197.0,60,0.96,88,CasualUK,DoIMakeYouYawn
6ac1kt,"Since subscribing to r/CasualUK, things have never been better!","The worries of the world are mounting up for us Brits in 2017, and in this digital era of calamitous communication, every scroll through the latest news feels like a fresh dollop of misery right on our doorstep. But since subscribing to r/CasualUK, I feel like I‚Äôve found the bus stop in the downpour ‚Äì the last packet of digestives in an empty cupboard.

___________________

No longer is my waking gaze met with the latest perilous leadership forecast from 7 different media outlets - it's just a wholesome job update from u/JamesEynon98 (good luck with the trial shift, mate!). My feed isn't full of flip-flopping politics or parliamentary pissing contests - it's packed with deep and meaningful discussions about the weirdest train conversations you've ever had, or the best crisps to eat when you're visiting the shittest seaside towns.


r/CasualUK delivers a more easy-going social experience, but it's more than that. It serves a oft-forgotten slice of what being British is all about, a shop-bought Victoria sponge of a reminder that our silly little island is still big enough to have a laugh on.

________________

So my awful cup of office tea on this sunny Wednesday afternoon is dedicated to you lovely fuckers on my new favourite subreddit. Thanks for picking me up and reminding me that life is worth living for the small things. Cheers!

___________________

*P.S. This is a less angry version of a previous post, but I still wanted to share the good sentiment. Didn't mean to cause a fuss!*",https://www.reddit.com/r/CasualUK/comments/6ac1kt/since_subscribing_to_rcasualuk_things_have_never/,1494413695.0,96,0.95,63,CasualUK,Xxviii_28
6a73ek,Update: I have heard back from Wetherspoons...,"I have a trial shift at 3PM Sunday, if anyone fancies a pint, and officially start next week then, if the trial goes well. Thanks all for all the kind words and support, it's unusual for me, but an amazing feeling, thank you. I hope you all have a lovely evening, and if you ever want/ need a pint in Swansea, I'll gladly serve you one :) cheers.",https://www.reddit.com/r/CasualUK/comments/6a73ek/update_i_have_heard_back_from_wetherspoons/,1494352732.0,262,0.95,126,CasualUK,[deleted]
6a5qkd,"What place in the UK did you think would be naff, but was actually nice?","For me, I thought Cardiff would be really crap, but it was actually great fun and a looked in general to be a nice city even outside the city centre.

So yeah, which one of our towns or cities did you think would be terrible, but you actually found to be quite nice.?",https://www.reddit.com/r/CasualUK/comments/6a5qkd/what_place_in_the_uk_did_you_think_would_be_naff/,1494340148.0,74,0.96,229,CasualUK,db1000c
6a5p16,'Rude' sign placed outside shop causes a stir.,[deleted],http://www.theboltonnews.co.uk/news/15274398._Rude__sign_placed_outside_shop_causes_a_stir/,1494339710.0,62,0.96,13,CasualUK,[deleted]
6a4545,Delicious Gregg's porridge to start the day. It's like they want you to buy a sausage sandwich.,,https://i.redd.it/zsbh1hb2pfwy.jpg,1494317996.0,79,0.95,56,CasualUK,NineFeetUnderground
69zfsi,I had a job interview in Wetherspoons today. What have you guys done today?,"I think the interview went well, and the manager said that there were 2 more interviews to have today and hopefully they should get back to me by tomorrow, so I will let you guys know how it went, if you like.

Also, u/KumaLumaJuma thanks for the support (I feel honoured to finally tag someone like this, I feel like I have a friend now haha.)

And if I haven't messed this up, this should be me, in my suit, just before I left for the interview. Thanks guys, I hope you all have had a lovely day. :)
http://imgur.com/1Y5Pi4H

Edit 1: This probably means nothing to most of you, but I recently got rid of most of the subs that I didn't use/ like, and this post is on my front page, and as weird as it is, I always wondered what it was like to have that. It feels good. Also, I'm not sure if I should do this or not (some people dislike it, I know) but whoever gave me the gold, thank you for brightening my day, if you want a cup of tea to celebrate we can have one, or if you want a pint, hopefully I'll be able to serve you one soon. Thanks everyone, today has been awesome :D

Edit 2: They just phoned me, and I have a trial shift on Sunday and honestly, I'm so excited. Come on down and I'll pour you lot a pint ;)",https://www.reddit.com/r/CasualUK/comments/69zfsi/i_had_a_job_interview_in_wetherspoons_today_what/,1494263468.0,229,0.96,127,CasualUK,[deleted]
69z207,Throwback to the greatest moment of British television that ever was.,,https://www.youtube.com/watch?time_continue=2&amp;v=XzyvLf0V3qs,1494259904.0,79,0.89,31,CasualUK,themanifoldcuriosity
69xbbc,A brief moment to appreciate Wetherspoons,"I want to be healthy but I just can't. I live five minutes from a Wetherspoons and the food is so affordable, quick and consistent that I find myself eating there far too much.

A pint of Kronenbourg is ¬£3.29. But a burger with chips comes with a Kronenbourg for 5.45, so it's only an extra ¬£2.16 for an alright meal. And even if you really want to keep it cheap, a glass of blackcurrent with soda water is only 40p. And ask for it with no ice and you actually get some drink.",https://www.reddit.com/r/CasualUK/comments/69xbbc/a_brief_moment_to_appreciate_wetherspoons/,1494239835.0,66,0.94,80,CasualUK,kitjen
69x4k2,It's David Attenborough's 91st birthday!,Saw him trending on Twitter and had mild panic attack.,https://www.reddit.com/r/CasualUK/comments/69x4k2/its_david_attenboroughs_91st_birthday/,1494236790.0,210,0.96,11,CasualUK,HarryPoland
69wwu9,Times you've fucked up at work but just about got away with it?,"It's Monday. Everyone loves a good work screw up. Let's go.       
This thread is dedicated to my work mates and their creative ways of doing things in the warehouse so it looks like they haven't wasted raw materials until it's too late to point the blame at anyone.      
       
EDIT: God we're a bunch of fuck ups aren't we?",https://www.reddit.com/r/CasualUK/comments/69wwu9/times_youve_fucked_up_at_work_but_just_about_got/,1494233070.0,60,0.94,122,CasualUK,Toasterfire
69vyi5,After the past ~18 years of education I have my last exam of university today!,[deleted],https://www.reddit.com/r/CasualUK/comments/69vyi5/after_the_past_18_years_of_education_i_have_my/,1494217314.0,50,0.92,12,CasualUK,[deleted]
69t376,"Someone actually made this rankings of crisps and went 'Yeah, that's right..'",,http://imgur.com/znBE5FK,1494184078.0,55,0.88,130,CasualUK,[deleted]
69ri2e,Now you mention it- it can't be unseen.,,https://i.redd.it/9kbeyx9783wy.jpg,1494167031.0,1036,0.97,42,CasualUK,[deleted]
69rgxk,Just remembered that Teesside Tintin exists. There goes my afternoon.,,https://youtu.be/CTn93EHQOsE,1494166640.0,69,0.97,13,CasualUK,kwn2
69qb0d,Found this tragedy of a biscuit in my packet last night,,https://imgur.com/mAjbdAI,1494145777.0,185,0.95,25,CasualUK,AlexUnderscore
69kljh,"When you were at school, did you ever ask your mates what the capital of Thailand was, then punch them in the balls and shout Bangkok?",,https://www.reddit.com/r/CasualUK/comments/69kljh/when_you_were_at_school_did_you_ever_ask_your/,1494067622.0,260,0.93,63,CasualUK,[deleted]
69g3tl,"Shortly after buying a packet of Mini Cheddars, I made my way onto the platform at Ch X.....I hope this is casual enough for a Friday evening. (picture taken a few months ago)",,https://i.redd.it/2te0u3oevpvy.jpg,1494005390.0,93,0.9,12,CasualUK,gmfthelp
69dx4g,I correctly measured 40g of flour by eye. What have you guys done that's amazing this week?,"I don't care if you believe me or not, because knowing that I did it is enough for me.

I was making some pasta last night, and measured out 40g of semolina flour just using a serving spoon.  As I emptied it into the mixer I saw the gauge jump to 39g, before settling on 40g.

So anyway, enough about my awesome skills, what have you lot done this week?",https://www.reddit.com/r/CasualUK/comments/69dx4g/i_correctly_measured_40g_of_flour_by_eye_what/,1493980865.0,71,0.95,73,CasualUK,TheAnimus
69dn7q,Flowers by the road side...,"On my way to work this morning I walked past a nondescript wall, where I found a couple of bouquets of flowers.

 I had a sombre thought thinking someone has been killed in an accident on the road next to the wall. I went to read the messages of condolences and was happily surprised that the flowers were kindly left by the amazingly named Huddersfield Tea and Tarts Women's Institute. Stifle your laughs you filthy casuals!

[Picture](https://imgur.com/a/Cp45x)

They must have been there a day or so as they looked a bit thirsty but I thought it was rather a nice gesture. I didn't take them with me though.

Have you guys ever come across something similar?",https://www.reddit.com/r/CasualUK/comments/69dn7q/flowers_by_the_road_side/,1493976111.0,86,0.95,19,CasualUK,god_sidge
69aar0,Thanks for notifying me about that BBC.,[deleted],https://i.redd.it/qxstldmnrjvy.jpg,1493931435.0,154,0.98,7,CasualUK,[deleted]
6996oe,It's all going on over at Weetabix's FB page,,https://i.redd.it/xxhn47ftwivy.jpg,1493921065.0,64,0.93,17,CasualUK,TheGardenBlinked
6996ku,Blobby blobby blobby!,,https://i.imgur.com/YWmpNHr.jpg,1493921038.0,132,0.94,31,CasualUK,PM_ME_CAT_TOES
696gcj,"If the Queen makes it to 100, do we all have to send her a letter?",[deleted],https://www.reddit.com/r/CasualUK/comments/696gcj/if_the_queen_makes_it_to_100_do_we_all_have_to/,1493889501.0,269,0.93,65,CasualUK,[deleted]
695ulu,Apparently everyone thought the Queen or Prince Philip died while we were asleep,"[This is just weird.](https://www.reddit.com/r/worldnews/comments/694wvt/queen_elizabeths_entire_staff_called_to_highly/)        
Edit- 8am and no BBC update. Load of nothing.     
Edit 2- palace announcement- was Phillip retiring from royal duties. Very different.",https://www.reddit.com/r/CasualUK/comments/695ulu/apparently_everyone_thought_the_queen_or_prince/,1493878724.0,72,0.91,50,CasualUK,Toasterfire
693ed8,Favourite Attraction in Every County,,http://i.imgur.com/T9xzhOw.png,1493847611.0,71,0.97,105,CasualUK,thatfatgamer
69375u,My wife keeps crisps in the fridge.,Does anyone else? Why?,https://www.reddit.com/r/CasualUK/comments/69375u/my_wife_keeps_crisps_in_the_fridge/,1493845634.0,49,0.96,83,CasualUK,kumquat_may
690r3a,Unintentionally rude architecture,,https://i.redd.it/b2mwascuravy.jpg,1493822550.0,102,0.95,7,CasualUK,quinn_drummer
690p7s,British police banter is incredible,,https://twitter.com/aljwhite/status/859669673532686336,1493821983.0,115,0.96,9,CasualUK,lazerbullet
68zxnd,Do you know what really boils my piss?,"Hotel room kettles. 

",https://www.reddit.com/r/CasualUK/comments/68zxnd/do_you_know_what_really_boils_my_piss/,1493813425.0,59,0.92,11,CasualUK,Hypohamish
68zifk,"I'm a 49 year old male. Can anyone tell me the current lingo of the kids, so I can use it out of context and make my 11 year old son cringe with embarrassment?","Last I heard it was well sick, fam.  I suspect I'm out of date now.",https://www.reddit.com/r/CasualUK/comments/68zifk/im_a_49_year_old_male_can_anyone_tell_me_the/,1493807278.0,350,0.97,225,CasualUK,snotfart
68uwjy,British couple thought all-inclusive was for entire island of Rhodes - tried to leave restaurant without paying.,,http://metro.co.uk/2017/05/02/british-couple-thought-all-inclusive-was-for-entire-island-of-rhodes-6610681/,1493749359.0,116,0.98,21,CasualUK,nederlandic
68sxa3,Sad post: I am hoping to rehome my (rather casual) cat. Any takers here? Support/ subsidy offered,"1) The story.

We had four cats, ages 11, 6, 3 and 2. Two weeks ago, the youngest, Sophie, was run over outside the house- she had previously seemed to have perfect road sense. We are very sad, but in particular my other half is completely grief-stricken. We don't have children; I guess the cats are the children, therefore.

Here is an album from happier times, which I have posted here before - the deceased cat is the little white Birman: 

http://imgur.com/a/IBzcA

My other half works a lot from home, so she is in a lot and Sophie was her constant companion. Sophie did actually have an angelic character, and she was really nice to everyone, whether human or feline.

Now, the problem is that Sophie was really the glue that held everyone together. Apart from being very affectionate and entertaining, she also defused tensions among the other cats, and made Mrs tmstms less miffed by how crap the other cats are.

The 11 year-old, Solomon, is actually really sweet....sometimes. But he has always had some weird mental problem (he is from South Wales, but somehow ended up in London as a kitten) and he can lash out.

The 6 year-old, Poppy, is really sweet, but she is timid, and gets bullied by the two boys. Sophie somehow knew how to calm the boys down, so it's worse for Poppy without her.

Finally, the 3 year-old, Alfred, is the one who needs a new home.

2) Why Alfred is a problem.

tl;dr - makes things emotionally harder + worried the boys will gang up on the girl.

a) Sophie really loved Alfred, and he did love her too, but he seems to have gone on as normal, and it's really upsetting Mrs tmstms to see his boisterous and casual self around when Sophie is not around. 
 
b) By 'around' though- he does go out a lot, and in particular he visits other people, above all a neighbour two doors down, but other households too. So he is a ""semi-detached"" cat, not, it would appear, that attached to us, arguably more attached to the neighbour, but returning to get his food. So Mrs tmstms sees him as a bit greedy and entitled.

c) The neighbour has a cat flap, but we do not- we bring the cats in to sleep at night. She made Alfred welcome when he went in her house, and he started spending enough time there that we offered him to her. But she declined. We think it is because she does not want the extra mouth to feed, and this is all the more because her own cat now seems permanently encamped outside our door, begging for food (see album above). This winds Solomon up, and because he is a bit cowardly, he takes it out on Poppy.

Even if the neighbour would take him (Alfred) now, we would still face the problem of him coming back for food, and potentially chasing Poppy too.

d) Basically, I indulged the cats, and it's kinda come back to bite me, as they came to lead relatively independent lives. Mrs tmstms wanted a real companion cat, and after very extensive searching, Sophie was the one- she actually wanted to be with the humans. By Sod's law, she's also the one to have an untimely death.

e) At the moment, there is other stuff going on, in particular, a long-lasting but undiagnosed illness to a family member, so my laissez-faire approach to cat behaviour, combined with Alfred's insouciant personality, is not a good mix for how Mrs tmstms is coping. 

3) What is Alfred like?

http://imgur.com/a/GA3j7

Well- he is the epitome of a casual cat.

a) Really well socialised- he likes being picked up, and he is very friendly, but on his own terms. He never bites or scratches. He's fine with other cats and very outgoing with people.

b) He is active and a wanderer. We suspect he would find his feet, or rather paws anywhere.

c) He is a good mouser, which one might see as good or bad.

d) He was born in Yorkshire between York and Wetwang. We met his mum- it was an unplanned litter and the owners gave the kittens away. We literally drove past two boys knocking a 'Free kittens' sign in the verge.

e) He is athletic and quite able to look after himself with other cats. He's actually quite low-maintenance, but he does enjoy being stroked and stuff.

f) He's fully litter-trained but prefers to toilet outdoors. He's microchipped and neutered.

4) Alfexit- the deal.

Back in the day, I knew loads of people and was really well networked. But in more recent years, mainly because of our work, I have little time, meaning that I actually trust the community of /r/casualUK more than my real-life connections.

a) Basically, this is a cat I love very much, so I want him to have as good a life as possible. Fortunately, he does not seem too hard to please.

b) He needs access to the outside and preferably to somewhere green, but as explained, he is not unused to being kept in at night. A cat flap might be ideal.

I would have to anticipate that the first few days of him being somewhere new, when he would be supposed to be kept in, might be a pain, but otherwise he's no trouble.

c) Depending on your life and circumstances, I would be prepared to arrange deliveries of some of the foods he likes for the whole of his lifetime. As you can tell, I've given the cats an extensive choice of food, and some of his favourites are premium-grade products. 

d) Obviously he would come with the blankets he likes, and which he sleeps on; and I'd pay the cost of changing his microchip details. 

e) Although he's a bit calmer than when he was an adolescent, I do recognise he might get into scrapes, so I'm not asking that he's mollycoddled, just that he has a good quality life.

f) I can pretty well promise he will be casual; I can't promise if he will be loving.

g) I am genuinely trying to find a permanent rehome for him, because Mrs tmstms is so upset, but I suppose I should say that if it really doesn't work out, Alfexit is revocable.

h) obviously, if you are reading this and know someone, and they are someone you trust, I'd be happy with that also.

EDIT: I don't want to give hostages to fortune, but TWO separate kind redditors have come forward and I have taken the chronologically first of those offers. Alfred's new owner is someone who posts pictures of their cat to reddit, showing a good environment, so looks like he has indeed fallen on his paws. 

Thank you, everyone, and thank you /r/CasualUK. Perhaps he could become the /r/CasualUK mascot cat.",https://www.reddit.com/r/CasualUK/comments/68sxa3/sad_post_i_am_hoping_to_rehome_my_rather_casual/,1493729515.0,108,0.94,35,CasualUK,tmstms
68rdrr,These tram seats that are too wide for one person and too thin for two strangers. They're a minefield. What's the etiquette?,,https://imgur.com/DSxEeGL,1493704026.0,53,0.96,20,CasualUK,hojumoju
68oaju,We don't need bloody signs to tell us how to form a queue!,,https://i.redd.it/kyp32w9bgxuy.jpg,1493668444.0,452,0.98,29,CasualUK,HarryGoLocky
68kthq,I watched a little-known British movie called Cashback (2006) yesterday. It was brilliant. What're some other brilliant little-known British movies?,"Any list I can find of British movies tends to always include Shaun Of The Dead, Full Monty, the usual. Hoping to find out about some lesser known ones to fill up my Bank Holiday. ",https://www.reddit.com/r/CasualUK/comments/68kthq/i_watched_a_littleknown_british_movie_called/,1493627397.0,58,0.96,103,CasualUK,TopTrumpWANKER
68ionx,So I've just found this unopened jar of Marmite under my bed.,,https://imgur.com/7WagZzo,1493595841.0,58,0.89,17,CasualUK,siacadp
68ho5d,CasualUK IRL.,,https://i.redd.it/4si3jp9u3ruy.jpg,1493584443.0,92,0.94,20,CasualUK,spoonsforeggs
68h3x1,"Stolen from ask reddit ""Like Stockholm syndrome, add your home town and describe the syndrome""","Rochdale Syndrome, when asked where your from you answer with ""near Manchester"" and only turn on the news to find out which taxi firm has closed due to a paedophile.",https://www.reddit.com/r/CasualUK/comments/68h3x1/stolen_from_ask_reddit_like_stockholm_syndrome/,1493578343.0,89,0.97,132,CasualUK,vikingdog
68h326,When you lock your mum out of the car after she has put the groceries in the back.,,http://i.imgur.com/pJhvG5L.jpg,1493578070.0,229,0.96,25,CasualUK,[deleted]
68g2rs,Which supermarket has the best 5p carrier bag?,"I'm asking because I think Sainsbury's has got this by a golden mile. The bags they give you for 5p have the perfect ratio of space/weight capability whilst not destroying your hand - and I'm yet to tear any sort of hole in one.


",https://www.reddit.com/r/CasualUK/comments/68g2rs/which_supermarket_has_the_best_5p_carrier_bag/,1493567038.0,83,0.97,37,CasualUK,Hypohamish
68fnsb,A little limerick,"Oh the service of Arriva Wales

Let me count every way that it fails

They break down on a whim

And are crammed to the brim

It's like the Titanic on rails.",https://www.reddit.com/r/CasualUK/comments/68fnsb/a_little_limerick/,1493561964.0,88,0.94,17,CasualUK,[deleted]
68elej,This week on The Big Questions:,"Should we allow same-sex marriages for unicorns?


Is Windows 10 Vegan?


Will my Nectar Points be carried over into the afterlife?


Is it morally right to tax otters?


Murder: Is it really so bad?


Should cars be allowed to adopt?


If Nicky Campbell could can Campbell's Soup, how much Campbell's Soup would he can?


Will there be wifi in heaven?


Satan: What's with that guy?


Is Bluetooth inherently evil?


Are wellies halal?



Bloody love this program - pure Sunday morning batshit.
",https://www.reddit.com/r/CasualUK/comments/68elej/this_week_on_the_big_questions/,1493542834.0,59,0.94,31,CasualUK,loudribs
68cgwi,Shout out to the people browsing reddit with one eye shut because you're too pissed to focus with two eyes üëç,[deleted],https://www.reddit.com/r/CasualUK/comments/68cgwi/shout_out_to_the_people_browsing_reddit_with_one/,1493509195.0,279,0.96,13,CasualUK,[deleted]
68bra7,Graph of /r/CasualUK Topics Sorted Into Categories [OC],,https://i.redd.it/z4cl2tk66kuy.png,1493500533.0,81,0.95,19,CasualUK,duckduckseduce
68b1gp,My opinion of Noel Gallagher went up several million percent after watching this DVD commentary,,https://youtube.com/watch?v=rfNqyjZcleI,1493492379.0,59,0.93,11,CasualUK,loudribs
6890im,Have you guys seen this on /r/gifs?,,http://i.imgur.com/NjVzfL6.gifv,1493467495.0,103,0.9,15,CasualUK,KumaLumaJuma
688me7,We have just hit 10k subs! to celebrate I'll be having a tea in my favourite mug. Thanks everyone!,[deleted],http://imgur.com/a/s997z,1493460366.0,153,0.94,19,CasualUK,[deleted]
684xng,"Tasteful Phil Mitchell clock, anybody?",,https://i.redd.it/euemktbijcuy.png,1493408515.0,101,0.97,23,CasualUK,TubesDH
682d81,Roses are red..,,https://i.redd.it/574t3ma8hauy.jpg,1493383127.0,304,0.96,26,CasualUK,[deleted]
6826t4,"Congratulations, /r/CasualUK! You are Subreddit of the Day!",,https://www.reddit.com/r/subredditoftheday/comments/6826sc/april_28th_2017_rcasualuk_for_your_average/,1493380850.0,151,0.96,163,CasualUK,SROTDroid
681gzm,TIL Planet earth has only one remaining Victorian,"At 117, Violet Brown, born in British Jamaica 10th March 1900 is the last surviving person to have been a subject of Queen Victoria. Only one other person was born in that era and survives today, Nabi Tajima of Japan who is 3 months younger than Violet.  
https://en.m.wikipedia.org/wiki/List_of_the_verified_oldest_people",https://www.reddit.com/r/CasualUK/comments/681gzm/til_planet_earth_has_only_one_remaining_victorian/,1493369565.0,64,0.94,17,CasualUK,itskieran
681aij,Ed Balls,[deleted],https://twitter.com/edballs/status/63623585020915713,1493366550.0,300,0.93,107,CasualUK,[deleted]
681a0a,Mornington Crescent Game 1 of 9 Turns,"Tudor rules but Stuart modifications are also in place for services around Wood Green.

Good Luck.",https://www.reddit.com/r/CasualUK/comments/681a0a/mornington_crescent_game_1_of_9_turns/,1493366354.0,52,0.94,102,CasualUK,arabidopsis
67x44y,Who thinks we should bring back MSN Messenger?,,http://imgur.com/tAZdZeG,1493313859.0,206,0.92,98,CasualUK,HarryGoLocky
67oq1v,"Congratulations, /r/CasualUK! You aren't Subreddit of the Day!",[deleted],https://www.reddit.com/r/CasualUK/comments/67oq1v/congratulations_rcasualuk_you_arent_subreddit_of/,1493219263.0,201,0.97,68,CasualUK,[deleted]
67onpp,McDonalds to trial home-delivery service in the UK in June,,http://www.independent.co.uk/news/business/news/mcdonalds-home-delivery-uk-june-launch-trial-deliveroo-just-eat-kfc-fast-food-a7702546.html,1493218673.0,85,0.98,56,CasualUK,fisherpriceman
67nskf,For those looking to holiday this summer. I recommend Sunderland.,[deleted],https://www.youtube.com/watch?v=elN1UzFneWA,1493209748.0,53,0.96,18,CasualUK,[deleted]
67nmef,Saw this grave to Ham Lemon.,,https://i.redd.it/dkkwhzrfzvty.jpg,1493207644.0,57,0.95,33,CasualUK,Ruufles
67jwlq,CasualUK. Upvote so we can replace sneaker as image that appears first when you google CasualUK.,,https://i.redd.it/om5karf7wrty.png,1493158146.0,133,0.9,13,CasualUK,duckduckseduce
67j67x,Leaked design for the new ¬£20 note,,http://imgur.com/N0gN2eH,1493151236.0,784,0.97,30,CasualUK,[deleted]
67j1i5,This is the 1000th Submission on this Sub. To celebrate here's the first image that appears on Google Image when you search for CasualUK.,,http://www.bytebacktech.co.uk/image/cache/data/category_13/skechers-glider-harmony-lightweight-womens-slip-on-shoes-sneakers-walking-casual-uk-3789-800x785_0.jpg,1493150069.0,79,0.93,34,CasualUK,HPB
67hvwo,Restaurants/bars that have websites with no menus. These lads can fuck right off!,[deleted],https://www.reddit.com/r/CasualUK/comments/67hvwo/restaurantsbars_that_have_websites_with_no_menus/,1493139772.0,92,0.96,45,CasualUK,[deleted]
67fv00,Advert in the Coventry Telegraph,,https://scontent.xx.fbcdn.net/v/t1.0-9/18058049_1523611997683798_1127599884363880296_n.jpg?oh=88454fa9af8486c4398467ae64733899&amp;oe=597D8048,1493118765.0,111,0.96,19,CasualUK,jptoc
67f6eq,Unexpected item in Wilko this weekend.,,http://i.imgur.com/ODufCmQ.jpg,1493107000.0,475,0.95,40,CasualUK,sideone
67a78x,Met Office issues a Yellow Snow warning,,https://i.imgur.com/mBFmAe7.png,1493051905.0,147,0.99,15,CasualUK,I_READ_YOUR_EMAILS
679vpf,I once slapped my friend square in the chops with a mackerel. What has been your finest hour?,"It was brilliant. I grew up in a fishing town where it was quite common to find the odd fish on the roadside that had fallen off a truck on the way to market. One evening, my mate and I were on our way to the pub when I saw a fairly hefty mackerel lying in the gutter and some sort of weird autopilot kicked in.


Without even thinking, I bent over, grabbed the fish by the tail and **WHAPPAP** - properly slapped him about the face with it. The noise was cartoon-like and as he reeled back, I knew deep down that this was probably the apex of my life. Nothing that has happened since has quite compared to that euphoric moment.


How about you, r/CasualUK? What has been your finest hour?",https://www.reddit.com/r/CasualUK/comments/679vpf/i_once_slapped_my_friend_square_in_the_chops_with/,1493048997.0,61,0.96,59,CasualUK,loudribs
679rz5,"The ¬£200 bonus is nice and all, but the picture shows a much bigger story",,https://i.redd.it/smi40rousity.jpg,1493048035.0,143,0.96,61,CasualUK,Wranglatang
6785nv,Breaking story at Daily Express: Woman at BBC wears clothes,,https://twitter.com/Daily_Express/status/856437064149213186,1493028595.0,107,0.94,39,CasualUK,TopTrumpWANKER
673co6,Got told to post this here.,,https://i.redd.it/q3b9iyep4cty.jpg,1492967275.0,410,0.94,58,CasualUK,patemup
671htw,Drunk Guy Finds A Pigeon friend On a Night Out,,https://www.youtube.com/watch?v=I2hZG1SB1ZM&amp;feature=youtu.be,1492941477.0,104,0.96,30,CasualUK,[deleted]
6715ka,I Think I've Peaked,,http://imgur.com/a/sc787,1492934151.0,76,0.9,28,CasualUK,tommygunner91
66zgwz,Happy St. George's day everyone!,,http://imgur.com/ZAMvEBy,1492908239.0,109,0.97,26,CasualUK,Cervix-Pounder
66v8o9,"Five 'tough guys' preparing for the Everton match, then the internet does its thing (read the replies)",,https://twitter.com/liam__whu/status/855441195270631424,1492855487.0,603,0.93,52,CasualUK,EarballsOfMemeland
66v6ox,This message when you buy a cabbage in Asda,,https://i.redd.it/r5nhfksvh2ty.jpg,1492854386.0,77,0.98,19,CasualUK,[deleted]
66qnaq,Who had one of these bad boys?,,http://imgur.com/kKGCxC0,1492795522.0,1038,0.96,72,CasualUK,HarryGoLocky
66p0ud,My local petrol station now has washing machines. WASHING MACHINES.,,http://i.imgur.com/rubMMs7.jpg,1492779576.0,84,0.96,37,CasualUK,loudribs
66o6kj,How to get rid of annoying door knockers?,[deleted],https://www.reddit.com/r/CasualUK/comments/66o6kj/how_to_get_rid_of_annoying_door_knockers/,1492767636.0,78,0.95,162,CasualUK,[deleted]
66iszq,How do YOU make the weekly shop a little more fun?,,https://i.redd.it/epyctc6aiqsy.jpg,1492705567.0,72,0.93,44,CasualUK,telephone_monkey_365
66ip4u,Eldest chucklebrother (85) marries 26yo girlfriend,,https://www.google.co.uk/amp/www.dailymail.co.uk/news/article-4426624/amp/Chuckle-Brother-Jimmy-Patton-85-weds-girlfriend-26.html,1492704606.0,59,0.93,23,CasualUK,lukew88
66in97,Is anyone keeping an eye on all this Coachella business? Why can't Americans do festivals properly?,"Keeps popping up on SnapChat and Facebook and it's just confusing me. Its sunny, everyone's dressed up all nice like they're going to a fashion show, no-one seems to be rolling around in the mud half naked after a few too many and some of them even seem to be staying in houses for gods sake.

It's not on, Americans are weird.",https://www.reddit.com/r/CasualUK/comments/66in97/is_anyone_keeping_an_eye_on_all_this_coachella/,1492704155.0,98,0.95,101,CasualUK,DAJ1
66gvwm,Birds Eye's disturbing interpretation of a fish finger sandwich,[deleted],https://i.redd.it/wjthmolwsosy.jpg,1492684846.0,158,0.97,78,CasualUK,[deleted]
66gtd8,"Rupert the Bear isn't a bear, he's a kid with a bear head. What strong opinions about unimportant stuff do you have?",His body's too humanoid and he has *fingers*. Just looks flat out wrong.,https://www.reddit.com/r/CasualUK/comments/66gtd8/rupert_the_bear_isnt_a_bear_hes_a_kid_with_a_bear/,1492683678.0,61,0.97,203,CasualUK,Jobson15
66g21z,The great sausage dam,,http://imgur.com/gallery/drMLoWv,1492670682.0,358,0.96,90,CasualUK,Woodstovia
66dxui,Running the country [x-post from /r/Hmmm],,https://i.imgur.com/OhUkcmT.jpg,1492644228.0,158,0.98,6,CasualUK,TeaDrinkingRedditor
66al9e,Times where slang hasn't translated well..,"My brother brought his American girlfriend round for lunch on Sunday. It was her first time meeting my parents and grandparents for the first time.


My brother drives a minivan with warp-speed abilities, and like evey male member of my family has learn to navigate the winding and awesome roads of Wales at a pace that would make Captain Picard get wood.

They arrived in the manner to which we are accustomed (can be heard coming half a mile off, and upon arrival the smell of hot brakes greets us) and My brother's Missus steps out to greet my family for the first time.

Dad: Hi *bear hug*, Was the journey here nice?

She: I dont know: I had my eyes closed. Dammit, my fanny is REALLY sore.

Mum: *chokes on coffee*

Dad: *wets himself laughing*

Grandparents: *disapproving silence*

Brother: Erm, 'Fanny' means 'Bum' in the US guys.

Mum: Ahhhh. I seeee.

Dad: *gasping for breath* Oh. So... not what I was thinking then? Thought it was a bit early for that.

*Grandmother chokes and decides to go home  a rather than eat with us idiots. 


Have you ever tried using local saying and it going horribly wrong? Things like ""whose coat is that jacket""?",https://www.reddit.com/r/CasualUK/comments/66al9e/times_where_slang_hasnt_translated_well/,1492612730.0,92,0.97,124,CasualUK,[deleted]
669epc,Smokers - get your shit together and stop chucking your tab ends on the floor,"Walking to work today, I lost count after 100 tab ends on the floor. For fucks sake, just stop being filthy twats and dispose of them properly. Half of them were within spitting distance of a bin too. 

It's not acceptable so I don't know why we accept it. Next time I see a smoker do that, I'm going to chuck something on the ground in front of them and see how they respond. 

But pretty please, with a cherry on top, stop fucking littering! ",https://www.reddit.com/r/CasualUK/comments/669epc/smokers_get_your_shit_together_and_stop_chucking/,1492598601.0,279,0.93,204,CasualUK,[deleted]
668sp6,A package I received today from deepest Devon had some mildly interesting stamps on it...,,http://imgur.com/fIl5NbX,1492587744.0,72,0.93,27,CasualUK,dronebox
6662m9,Don't let people who have never been behind the wheel drive your car!,,https://twitter.com/hvrrisonldn/status/854333229716955136,1492553186.0,54,0.96,34,CasualUK,[deleted]
665zoo,"On a day of polls and surveys, where do we stand on this key topic?",,http://i.imgur.com/aAJKax2.jpg,1492552366.0,61,0.98,61,CasualUK,ateam55
663ab7,"Pie, mash, and gravy served on a board (x-post from r/WeWantPlates). What's the worst way your food's been served?",[deleted],https://i.redd.it/kpblw4ntx7sy.jpg,1492527043.0,75,0.97,66,CasualUK,[deleted]
66308z,No Politics! And other things.,"Hi All,  
  
As you are aware some stuff has happened today, but please remember not to bring it into this sub, even if you're being completely satirical.  
  
_________________________________________________  
In addition to this, there are still a lot of people slagging off /r/UK which although is hilarious, isn't in keeping with the tone of this sub and we have to remove it.  
  
In this regard, I'd like to introduce you to /r/BadUnitedKingdom, a sub created to take the piss out of /r/UK. If you see something on /r/UK you disagree with and want to discuss/mock, please do take it over to them. It is a very funny sub!  
  
_________________________________________________  
Three weeks to Eurovision song contest... I hope you're all joining me for the Match Thread!",https://www.reddit.com/r/CasualUK/comments/66308z/no_politics_and_other_things/,1492524212.0,75,0.94,82,CasualUK,[deleted]
662pdw,Heads up: UK woods are extremely beautiful this time of year,,https://i.redd.it/j54ocvh59bsy.jpg,1492520840.0,399,0.98,48,CasualUK,electric_nan
661jja,Morning commute left me with a sour taste in my mouth.,[deleted],http://imgur.com/rkf5QJf,1492503086.0,98,0.95,15,CasualUK,[deleted]
65xn5m,It'd probably be a good idea to switch your alarms back on if you haven't done that yet.,Eurgh,https://www.reddit.com/r/CasualUK/comments/65xn5m/itd_probably_be_a_good_idea_to_switch_your_alarms/,1492456287.0,75,0.94,23,CasualUK,[deleted]
65wavc,"I went to Scotland, everything they say is true, this is a whole aisle of Irn Bru",,https://i.redd.it/u0929lssv4sy.jpg,1492443731.0,515,0.99,71,CasualUK,[deleted]
65vpnt,Everyone who uses this subreddit is a...,,https://i.redd.it/janf7qs1e4sy.jpg,1492437726.0,123,0.92,29,CasualUK,GRI23
65vmmm,"Lads, this is the future.",,https://i.redd.it/sigo53u8b4sy.jpg,1492436773.0,263,0.95,80,CasualUK,IAmNotStelio
65ukh2,Saw this pig yesterday trying to bring curtains back.,,http://imgur.com/yrLzK44,1492421390.0,61,0.91,9,CasualUK,[deleted]
65u8g5,How about a bit of road rage? This footage is causing quite a stir with Americans claiming their laws apply in the UK. Thoughts?,,https://www.youtube.com/watch?v=TcBjm8pT2dY,1492414852.0,119,0.91,128,CasualUK,DasBeerBooty
65pdqd,The most perfect Yorkshire pudding I've ever made.,,https://imgur.com/a/dtS1x,1492353194.0,112,0.97,27,CasualUK,F7oraColossus
65pcjw,This tweet decreeing correct Easter procedures,,https://i.redd.it/w4vz6c0idxry.jpg,1492352780.0,1443,0.96,25,CasualUK,[deleted]
65o6ag,Earn brownie points this easter with an egg hunt for your better three quarters,,http://imgur.com/eEcJILa,1492331120.0,52,0.9,2,CasualUK,kumquat_may
65ljbd,"Saw the marmite Easter egg on this sub, but the other half prefers Bovril. So I made this!",,http://imgur.com/Xqgp3fm,1492291596.0,54,0.95,8,CasualUK,[deleted]
65kagt,Cows at a Kent railway station causes 'udder chaos',[deleted],http://i.imgur.com/KlpU98q.jpg,1492277468.0,92,0.97,9,CasualUK,[deleted]
65k617,Have you ever been for a poo in a club?,"So I was out with the boys last night, we head over to the midlands' premiere nightclub and nature calls so I pay a visit to the dollop dream factory. Thankfully there was toilet paper so I gave the seat a quick wipe down (I'm not a savage) and got down to business. It wasn't an especially big one but I guess I was gone for long enough for my mates to notice - when I meet back up with them 20 odd minutes later one of them asks where I went, so I told him straight up: ""just been to churn out some of East London's finest"".

Well, the way my mates reacted, they thought I was some kind of philistine because I had a poo in a nightclub - I don't get it personally, I needed to go so I went! One of them did confide in me that he's snuck out of the club to the casino next door to use their clean bathrooms in the past but he's a sly one. 

So, any of you guys ever done a poo in a club? Do you think it's a weird thing to do?",https://www.reddit.com/r/CasualUK/comments/65k617/have_you_ever_been_for_a_poo_in_a_club/,1492276119.0,80,0.98,110,CasualUK,NJGB
65jk56,Bamburgh Castle &amp; Beach this afternoon.,,http://i.imgur.com/fNmZpQZ.jpg,1492269303.0,155,0.98,21,CasualUK,HPB
65j1so,Aldi Jaffa Cakes are superior to regular Jaffa Cakes,Discuss.,https://www.reddit.com/r/CasualUK/comments/65j1so/aldi_jaffa_cakes_are_superior_to_regular_jaffa/,1492262648.0,52,0.96,36,CasualUK,[deleted]
65i5t1,Someone at Debenham's marketing team is having a laugh - check the free delivery code out!,,https://i.redd.it/4g4o3rq0jory.jpg,1492245851.0,180,0.97,5,CasualUK,wirral_guy
65hsab,Dodged a bullet there. (xpost from /r/tinder),,http://imgur.com/KFejbHs,1492238207.0,327,0.92,59,CasualUK,OiCleanShirt
65ez8f,There's a man trying to make small talk with me on the train.,What kind of fresh hell is this. I mean im in the north but still.,https://www.reddit.com/r/CasualUK/comments/65ez8f/theres_a_man_trying_to_make_small_talk_with_me_on/,1492201436.0,71,0.93,40,CasualUK,iHeartMila
65eqeu,"Perhaps thanks to the AskReddit thread today, we have hit 8000 subs!","Welcome to all our newcomers and just remember: do not mention the p-word!

Hope you all enjoy it here :)",https://www.reddit.com/r/CasualUK/comments/65eqeu/perhaps_thanks_to_the_askreddit_thread_today_we/,1492198972.0,84,0.97,59,CasualUK,[deleted]
65coti,"Fairplay lads, my twat brother's just gone and fucking broken my laptop three weeks before exams.",[deleted],https://www.reddit.com/r/CasualUK/comments/65coti/fairplay_lads_my_twat_brothers_just_gone_and/,1492178673.0,72,0.92,31,CasualUK,[deleted]
65c3om,Pressing The DJ Button at School,[deleted],https://www.youtube.com/watch?v=irBwZ3bmy8k,1492171126.0,66,0.89,12,CasualUK,[deleted]
65bpnn,My neighbour's in our garden cutting our side of the hedge,"Didn't ask her to, she didn't ask if we minded.  I can hardly tell her to fuck off as, on paper, she's doing us a favour, but it's a bit presumptuous isn't it?

Now I'm hiding inside, I don't want to go sit in the garden while someone else cuts my hedge...

Edit: Or should I just own it, and go put my hammock up and have a bevvy? ",https://www.reddit.com/r/CasualUK/comments/65bpnn/my_neighbours_in_our_garden_cutting_our_side_of/,1492164457.0,95,0.99,36,CasualUK,[deleted]
65b6pf,4 Years Ago Today #neverforget,,https://imgur.com/a/PVkq1,1492154314.0,184,0.97,51,CasualUK,HPB
658n6c,Urban legend proved - The rising sun aligns through Brunel's Box Tunnel on his birthday,,https://www.theguardian.com/technology/2017/apr/10/isambard-kingdom-brunel-birthday-box-tunnel-bath-sun,1492120991.0,48,0.94,5,CasualUK,Eight_Ace
657bmz,The BBC allows you to stare at the people working as form of entertainment while at the bars,,https://i.redd.it/yda8ctdt5dry.jpg,1492108070.0,70,0.96,28,CasualUK,Prophet_of_Jaciam
654o8c,"McVitie's confirm that the chocolate is on the bottom of their biscuits, not the top",,http://metro.co.uk/2017/04/13/mcvities-have-confirmed-that-the-chocolate-is-actually-on-the-bottom-of-their-biscuits-not-the-top-6571867/,1492079661.0,121,0.97,98,CasualUK,wyetye
6547z3,4 Day Weekend People this is your reminder. Your alarms: switch them off.,That is all.,https://www.reddit.com/r/CasualUK/comments/6547z3/4_day_weekend_people_this_is_your_reminder_your/,1492071660.0,116,0.94,97,CasualUK,[deleted]
64wr6p,Brits hoarding ¬£30 billion worth of frivolous purchases,"According to here:  
 
 http://www.peterboroughtoday.co.uk/news/offbeat/brits-hoarding-30-billion-worth-of-frivolous-purchases-1-7910123  
 
 Which begs the question: what useless shit have you bought recently that you're probably never going to use?",https://www.reddit.com/r/CasualUK/comments/64wr6p/brits_hoarding_30_billion_worth_of_frivolous/,1491982686.0,60,0.92,248,CasualUK,[deleted]
64rskj,"Preston Bus getting it right for a change: Kids vandalise bus, families will be invoiced for a replacement one",,http://www.blogpreston.co.uk/2017/04/how-kids-set-fire-to-seats-in-serious-vandalism-on-bus-service/,1491927080.0,58,0.9,13,CasualUK,GarnersLight
64m9cl,"""Must have looked smaller in the catalogue""",,https://i.redd.it/km3picrtfsqy.jpg,1491857197.0,64,0.96,15,CasualUK,lamby
64kyp6,"Ask me a question, then edit it once I've answered to make me look as bad as possible",,https://www.reddit.com/r/CasualUK/comments/64kyp6/ask_me_a_question_then_edit_it_once_ive_answered/,1491844999.0,304,0.96,220,CasualUK,[deleted]
64fi91,Whitby Abbey and Church taken yesterday on the approach to Whitby harbour [OC],,http://i.imgur.com/LynCBH8.jpg,1491773195.0,67,0.99,11,CasualUK,PhilDafydd
64enhe,A classic British seaside resort,,http://imgur.com/lt2Jfty,1491763692.0,74,0.96,14,CasualUK,ukbabz
64dvzy,"If you're finding this weather disorienting, then here's a photo of metropolitan West Yorkshire to draw comfort from...",,http://i.imgur.com/jQIlBtt.jpg,1491755152.0,110,0.95,10,CasualUK,loudribs
64dqc2,A very British queue for a pint,[deleted],http://imgur.com/MAB6bA4,1491753354.0,74,0.92,40,CasualUK,[deleted]
64cx17,Went for walk down the River Severn yesterday afternoon,,http://imgur.com/NdP7Ssy,1491742287.0,131,0.96,13,CasualUK,Garreh
64brpf,I love the NHS,"Managed to cock up my shoulder by thinking I was pro when descending on my bicycle.

Driven by the old man to the hospital, wait was perhaps a little long, most likely because my father described my accident as a ""bit of a tumble"". When I started moaning (in pain) though they quickly whisked me away.

The doctors were all very nice, chatted with the guy who treated the wounds about bikes. I'm guessing he may be the guy assigned to treating idiots like me who fall off.

Overall not a bad experience in the least. No lollipop though.",https://www.reddit.com/r/CasualUK/comments/64brpf/i_love_the_nhs/,1491718546.0,174,0.95,65,CasualUK,TheDeza
647lzx,An increasingly rare sight in Britain's parks and countryside: bongo mags,,https://i.redd.it/qaj72fbgmcqy.jpg,1491665701.0,65,0.94,20,CasualUK,chainpress
646z6r,Viking Wrestlemania going down in York,[deleted],http://imgur.com/ay1qkkd,1491657532.0,139,0.99,29,CasualUK,[deleted]
646h2p,"Scotland, what the hell is going on with your banknotes?","We recently got an information poster to identify security features on Scottish banknotes at work and holy shit there's like 20 variants because each bank prints their own versions, plus you've got ¬£100 notes???

Nobody has time for this, Scotland. Sort your banknote shit out.",https://www.reddit.com/r/CasualUK/comments/646h2p/scotland_what_the_hell_is_going_on_with_your/,1491649209.0,61,0.91,56,CasualUK,biggles1994
645i98,My mum got me this for my birthday!,,http://imgur.com/dtDeNJP,1491629701.0,101,0.92,54,CasualUK,Kenzacs
643fbq,Just got some new ¬£1 coins as change from a kebab shop,"Before you did, nah nah nah nah nah",https://www.reddit.com/r/CasualUK/comments/643fbq/just_got_some_new_1_coins_as_change_from_a_kebab/,1491602082.0,59,0.94,33,CasualUK,I_READ_YOUR_EMAILS
640hqk,Veganism,[deleted],https://www.reddit.com/r/CasualUK/comments/640hqk/veganism/,1491573067.0,56,0.88,148,CasualUK,[deleted]
63z9tz,A massive digger is stuck in the sea at Lancing and no-one can move it,,https://metrouk2.files.wordpress.com/2017/04/pri_35476327-e1491422496779.jpg?w=748&amp;h=546&amp;crop=1,1491555682.0,180,0.98,50,CasualUK,[deleted]
63tfo6,"Just saw this on r/fellowkids, it's almost perfect.",,https://i.redd.it/omo2g2u56ypy.jpg,1491490724.0,168,0.98,95,CasualUK,IAmNotStelio
63rd8w,"My latest composition. I've titled it ""Spring Sunrise : Roadkill."" I hope it stirs something in you.",,http://i.imgur.com/m4wtTdm.jpg,1491461566.0,170,0.95,38,CasualUK,HPB
63le4m,Headline of the day goes to...,,http://imgur.com/f90cznO,1491397554.0,127,0.92,73,CasualUK,[deleted]
63jysq,Has anyone actually managed to open a pack of bacon using the 'pull here' tab?,"And if so, what other lies do you tell to impress people on the internet?",https://www.reddit.com/r/CasualUK/comments/63jysq/has_anyone_actually_managed_to_open_a_pack_of/,1491374990.0,195,0.96,100,CasualUK,smushkan
63d92o,If I had a pound for every pound I had in my hand I would have a pound.,,http://imgur.com/b1UbLiR,1491301052.0,144,0.9,56,CasualUK,HarryGoLocky
638u52,Found an ancient artefact in my stationery drawer,,http://m.imgur.com/e6D9Mgv,1491245766.0,96,0.95,17,CasualUK,JackHarrison1010
638btl,Someone must have been kicking up a stink.,,https://i.redd.it/lfaliftmjdpy.jpg,1491241088.0,94,0.98,10,CasualUK,[deleted]
6386gd,r/place has ended. This is the result of the UK flag and its countries.,[deleted],https://imgur.com/gallery/murdv,1491239805.0,71,0.88,38,CasualUK,[deleted]
635mjn,Our rules.,"/u/gazzaknight and myself made this sub as a bit of a Friday morning joke. We never thought it would take off the way it did but we're all loving the ride.  
 
However, it's occurred to me that the rules I made up on day 1 might be a little vague and open to interpretation so I've made some new ones and expanded on the old ones. I hope you agree with them but please let me know if you think any of them are shit, or if you want me to add in some new ones.  
  
_________________________________________________  
**No Politics!**  
  
- No Brexit, no stories about politicians, no Article 50, no anything like that. Before you post a link just have a think ""does this involve UK or foreign politics in any way"". If the answer is ""yes it does"", please don't post it. It will be removed and repeat offenders may face a ban.  
  
_________________________________________________  
**No shit throwing**  
  
- We know we're great and we know /r/unitedkingdom should be jealous of how great we are but please refrain from slagging them off at any opportunity. We are not them. *We are not them*.  
- Same goes for national shit throwing. I'm all for a bit of playful teasing with the French and the Germans but there have been a few comments I've seen crossing the line and bringing up the Holocaust and what have you. Again just have a think about what constitutes as casual or not.  
  
_________________________________________________  
**Be welcoming**  
  
- I think we have a tendency to be a little cliquey and it's hard for new comers to blend right in. I've also seen people saying ""No Yanks!!"" and what not which is not what I want to encourage. We're trying to advertise /r/casualUK as a shiny alternative to /r/unitedkingdom and so I want our cousins around the world to visit us and realise things aren't as bad as they're led to believe.  
  
_________________________________________________  
  
That's basically it, be nice, have fun. We are always open to people PM'ing us about anything and do please use the report button if you see something you don't consider /r/casualUK-esque. ",https://www.reddit.com/r/CasualUK/comments/635mjn/our_rules/,1491210542.0,113,0.95,111,CasualUK,[deleted]
633p72,Congratulations to all the UK's flagmakers on a job well done on /r/place!,,https://i.redd.it/qsi4pmofq8py.png,1491182849.0,114,0.94,41,CasualUK,DAJ1
632kf3,Notts villagers hold ‚Äòbirthday‚Äô for pothole they‚Äôve been complaining about for two years,,https://nottstv.com/notts-villagers-hold-birthday-pothole-theyve-complaining-two-years/,1491170445.0,56,1.0,15,CasualUK,[deleted]
631elf,A map of all the pubs in the UK,,http://i.imgur.com/Lf3aKEE.jpg,1491158777.0,415,0.98,77,CasualUK,KumaLumaJuma
62zk8n,For the Marmite fans this Easter.,,http://imgur.com/6gwnx9l,1491138871.0,57,0.92,29,CasualUK,elvismiggell
62yyue,First CasualUK meetup location?,[deleted],http://i.imgur.com/5G7nEWo.jpg,1491128679.0,129,0.95,26,CasualUK,[deleted]
62yk2l,I went to Eastbourne. It was nice.,,https://i.redd.it/bon44vynk3py.jpg,1491120366.0,90,0.99,27,CasualUK,[deleted]
62yf83,Is the Boat Race fixed?,"Yet again Oxford and Cambridge reach the final of the Boat Race. They've been in the final since 1829, surely there's something dodgy going on here?",https://www.reddit.com/r/CasualUK/comments/62yf83/is_the_boat_race_fixed/,1491117757.0,203,0.95,32,CasualUK,[deleted]
62sdry,Yellow car owners join rally in support of 'ugly' car,,http://www.bbc.co.uk/news/uk-england-gloucestershire-39456449,1491049202.0,97,0.99,24,CasualUK,[deleted]
62opgb,Here's a photo of me getting my cock out on a flight from China to UK. Enjoy.,,http://i.imgur.com/3EQSVh8.jpg,1491000023.0,133,0.94,21,CasualUK,HPB
62mzfv,Upvote if you have been stabbed in your bare foot by the prongs of a UK mains connector.,,https://upload.wikimedia.org/wikipedia/commons/d/d3/Bs1363-non-earthed-plug.jpg,1490984329.0,266,0.85,74,CasualUK,blindcomet
62mhua,Discuss.,,https://i.redd.it/jx57yusizroy.png,1490980025.0,99,0.99,19,CasualUK,[deleted]
62lzy1,Visit Leeds,,http://imgur.com/37YfOYG,1490975428.0,101,0.98,40,CasualUK,loudribs
62l0ef,One of my friends managed to just get this great photo of John Prescott on a train,,http://i.imgur.com/0QqqSIO.jpg,1490964903.0,212,0.95,36,CasualUK,blizeH
62kwqt,And geese can fuck off too,"What the hell is their problem?! They're like the Asbo chavs of the wildfowl world, congregating on footpaths, trying to look all hard and intimidating. You try to squeeze past without making eye contact, giving them as much room as possible, and they just go mental at you. Honking, hissing (the bird equivalent of ""Woss your problem?! You wonn sum?!""), sometimes even breaking into a brief sprint to chase you off their ""turf"".  
  
So what *is* their problem?",https://www.reddit.com/r/CasualUK/comments/62kwqt/and_geese_can_fuck_off_too/,1490963618.0,73,1.0,59,CasualUK,[deleted]
62kgcz,"We've had a sudden explosion of traffic! Welcome new joiners, I've made a list of must see posts from the past month or so.","I think a lot of people have started coming over from /r/unitedkingdom and /r/Europe which is great to see! So what's this sub all about?  
 
_________________________________________________  
**Greggs**  
  
-https://www.reddit.com/r/CasualUK/comments/5vwcpv/220217_the_day_sunderland_peaked/  
_________________________________________________  
**Bin Porn**  
  
-https://www.reddit.com/r/CasualUK/comments/5w0h4k/ban_this_sick_filth/  
  
_________________________________________________  
**Your favourite TV line up**  
  
-https://www.reddit.com/r/CasualUK/comments/61f0e4/bbc2s_lineup_of_the_simpsons_at_6_fresh_prince/?utm_content=title&amp;utm_medium=browse&amp;utm_source=reddit&amp;utm_name=CasualUK  
  
_________________________________________________  
**What pattern is your ceiling artex...**  
  
-https://www.reddit.com/r/CasualUK/comments/5z758c/what_pattern_is_your_ceiling_artex/  
  
_________________________________________________  
I hope everyone can make a solid contribution to the sub, please join in and talk about anything that's on your mind, share your stupid photos etc.",https://www.reddit.com/r/CasualUK/comments/62kgcz/weve_had_a_sudden_explosion_of_traffic_welcome/,1490957015.0,133,0.95,166,CasualUK,[deleted]
62izgn,Ridiculous Everest window quote.,[deleted],https://www.reddit.com/r/CasualUK/comments/62izgn/ridiculous_everest_window_quote/,1490932313.0,58,0.99,36,CasualUK,[deleted]
62exf8,My local hospital had to open a burn ward today,[deleted],http://i.imgur.com/eDjS02p.jpg,1490890465.0,75,0.89,35,CasualUK,[deleted]
62dmmo,I'm pretty sure I've seen that statue of Ronaldo somewhere before,,http://imgur.com/a/lRXTr,1490876881.0,200,0.96,13,CasualUK,quinn_drummer
61z8q1,Have you had your 5 cups?,,https://i.redd.it/fgrfyd7te5oy.jpg,1490706695.0,53,0.84,39,CasualUK,Menya_zavoot_dave
61yd1x,Which rumours seem to have done the rounds across the whole of the UK at school / work etc.?,"I went out for work drinks on Friday with a couple of my friends. Me, from down Brighton way, my friend from Hull and my other friend from Wales. We're all aged between 24 and 27, and we got onto the topic of adverts we loved/hated growing up. That's when we brought up the Kellogg's advert.  
  
""They're gonna taste great. They're gonna taste great, the sound of Frostie's hitting my plate. Eating with a mate! Or a Pi-rate!""  
  
You know the one, with that dumb goofy kid.  
  
Anyway, we had all heard the rumour at school that he had killed himself because of bullying and he'd done so by sticking two pencils up his nose and banging his head on the table at school... I found that hilarious considering we all went to different schools hundreds of miles apart!  
  
So what are some rumours you remember from school / work, where in the UK did you hear this rumour, and lets see if anyone else remembers it.",https://www.reddit.com/r/CasualUK/comments/61yd1x/which_rumours_seem_to_have_done_the_rounds_across/,1490693870.0,74,0.96,212,CasualUK,[deleted]
61xslf,What's the scariest thing that's happened to you?,"I travel a few days a week for work, and my other half is currently out of the country. Therefore I gave one of my friends a key to my house so he can feed the guinea pigs and have a few beers away from his family in peace. 

How did my oldest friend react to me entrusting him with this burden? The very first night of key ownership he waited until 2am, let himself in, snuck into my bedroom, knelt down putting his mouth about an inch from my ear and using a back of the throat gurgle said ""I'VE COME FOR YOUR SOUL""

Complete bastard. ",https://www.reddit.com/r/CasualUK/comments/61xslf/whats_the_scariest_thing_thats_happened_to_you/,1490683272.0,94,0.98,94,CasualUK,[deleted]
61t8xf,I just made a picture of Tomasz Schafernaker forecasting a giant weather knob and I'm feeling very pleased with myself.,,https://i.imgur.com/H4eV3ov.png,1490632660.0,173,0.94,21,CasualUK,loudribs
61kv8o,Lads... I forgot Mother's Day,[deleted],https://www.reddit.com/r/CasualUK/comments/61kv8o/lads_i_forgot_mothers_day/,1490522368.0,66,0.86,49,CasualUK,[deleted]
61icjq,"As an Irish person, Why the fuck is Mrs Browns Boys so popular in the UK?",Its the worst type of comedy possible. It reminds me of When The Whistle Blows in Ricky Gervais's Extras. Why does it have such a large following?,https://www.reddit.com/r/CasualUK/comments/61icjq/as_an_irish_person_why_the_fuck_is_mrs_browns/,1490481702.0,52,0.87,51,CasualUK,DrZiggyBowie
61f0e4,"BBC2's lineup of the Simpsons at 6, Fresh Prince 6:30 &amp; Malcolm in the Middle at 7. That was my favourite tv time slot growing up, what was yours?",,https://www.reddit.com/r/CasualUK/comments/61f0e4/bbc2s_lineup_of_the_simpsons_at_6_fresh_prince/,1490439464.0,216,0.97,93,CasualUK,sonofaBilic
61bw3w,We have a new hedgehog! Exciting news for Friday night.,,http://imgur.com/a/vs0k2,1490391865.0,70,0.96,39,CasualUK,tmstms
617ugu,"What's a ""pint""?",,https://i.redd.it/8wr1am7plbny.jpg,1490345864.0,76,0.95,27,CasualUK,lamby
613pwj,"Channel 4‚Äôs ""Eden"" contestants return from wilderness to find show was cancelled last August",,https://www.theguardian.com/tv-and-radio/2017/mar/23/eden-reality-show-contestants-year-wilderness-no-one-watching?CMP=fb_gu,1490294358.0,53,0.94,28,CasualUK,stretch112
60ww0g,A 'Hot Fuzz' moment in the aftermath of today's awful events,[deleted],https://twitter.com/RupertMyers/status/844624816959344641,1490211605.0,142,0.96,20,CasualUK,[deleted]
60tz66,A great travesty has befallen our time,,http://i.imgur.com/wN2X4K2.jpg,1490181456.0,171,0.94,14,CasualUK,TheDeza
60pnrf,"We've reached 5,000 subscribers!","And only 4,200 are my alt accounts.  
 
 
",https://www.reddit.com/r/CasualUK/comments/60pnrf/weve_reached_5000_subscribers/,1490123962.0,77,0.95,60,CasualUK,[deleted]
60jxta,Ahhh ffs,,http://imgur.com/MMqtNNA,1490050904.0,149,0.97,20,CasualUK,[deleted]
6060zx,So I'm no Carol Vorderman but I don't think this is right....,,http://imgur.com/Q9CZSKm,1489866857.0,71,0.99,14,CasualUK,OiCleanShirt
6050k0,This looks like a nice place to eat out.,,http://imgur.com/96wY1Qp,1489855664.0,130,0.96,10,CasualUK,[deleted]
6036iy,That's why mums go to Iceland,,https://i.redd.it/w4byrg0po4my.jpg,1489826205.0,70,0.86,14,CasualUK,[deleted]
5zps2z,Losing weight in the absolute laziest way [guide],"Alright, you're a fat arse and want to lose weight fast to get beach body ready [triggered]. I got you fam. 

Buy 2 sets of these once:

http://www.sainsburys.co.uk/shop/gb/groceries/sainsburys-11l-klip-lock-storage-set-3pk

Buy 3 bags of these a month:
https://www.mygsn.co.uk/steam-cooked-chicken-fillets

And then every 2 days buy this:

3 x http://www.sainsburys.co.uk/shop/gb/groceries/sainsburys-japanese-style-stir-fry-sauce-175ml (Any of these. There's a big selection. Buy 3 different ones)

1 x http://www.sainsburys.co.uk/shop/gb/groceries/sainsburys-stir-fry--basics-700g

2 x http://www.sainsburys.co.uk/shop/gb/groceries/brown---wholegrain/sainsburys-brown-rice-250g



Method:

Divide the veg into the 6 containers equally. Divide the 2 packets of rice into the 6 containers equally. Put a chicken breast in each container. Put half a packet of sauce in each container. 

When you want to eat (3 times a day), unclip the lid but keep it resting on top and nuke for 4 minutes in the microwave. Boom, instant stir fry. 

Calories per day: 1270 calories

Protein per day: 93+ grams

Daily cost: ¬£5.88 a day

If you're an adult male and you stick to this diet, expect at least 0.75KG of weight loss a week. 

This is not a sustainable diet long term, both due to price and due to its low calorie nature. It's good for shedding pounds fast if you're a legitimate fat bastard, and possibly as a last ditch effort to get abs if you're struggling to get rid of that last bit of fat. 

**EDIT:** Made some major corrections because I can't do maths in the morning. ",https://www.reddit.com/r/CasualUK/comments/5zps2z/losing_weight_in_the_absolute_laziest_way_guide/,1489659728.0,52,0.88,106,CasualUK,[deleted]
5zj2tb,Wanking gone wrong," I was in my final year of Uni. It was a warm autumn day and i was alone in my room with sun light pouring through my open window. All was good in the world, and as a little personal treat, I decided to partake in a little bit of personal hand love.


Instead of a leisurely bed wank, instead I‚Äôd opt for the more professional desk wank, complete with swivel chair and pc. The event itself was none too remarkable; I coaxed one out to some lovely lass and given that it was a treat I decided to finish with a standing ovation, spurting my silky man fat onto the hard wooden floor under the desk. It felt good, and why wouldn't it?


About 30 seconds later there was knock at my bedroom door from one of my housemates and he immediately burst in. I had re assumed the sitting position at this point, and feeling relief that I hadn't been caught red handed and that there was no pron left on the computer screen, I instead focused on trying to cover the dying erection in my trousers, while at the same time trying to look nonchalant. I also partook in the obligatory eager and yet stilted conversation one does when trying to hide the fact that mere seconds ago i had been having an orgy of self love with nothing more that a fist and my trouser lizard.


""Mind if I grab a couple of the songs we downloaded last night?"" he said while at the same time brandishing a USB stick.


Before i could properly respond he was already down on his knees, by the side of me. This in itself was unnerving; given that he was now eye level with the aforementioned, diminished, but never the less still dangerous trouser lizard. Worse still was that there were no USB sockets on the front of the pc free, and before I could protest he said:


""I‚Äôll just stick this in one of the others round the back""


I tried to say something but nothing came out. That's when it happend, with his little face looking back at me waiting for my reply, he leant further forward under the desk, put his hand down to steady himself and immediately froze. He'd twigged. We were locked in the death stare for no more than 5 seconds but in those 5 seconds a lot was processed by both of us. He was hoping what he'd just put his hand in, wasn't what he thought it was, but it was. Each of use continued to stare deep into the others soul's. His soul crying out and trying to comprehend how this could have happened, me trying to think of a plausible excuse for my filthy act of floor spunkage.


Amazingly, he broke the silence first, the pained look on his face disappeared and he continued on his mission, inserting the USB and copying the music from my desktop, all the while acting as if nothing had happened. I guess it was a knee jerk reaction to the hideousness of knowing my potential babies were currently trying to swim into the pours of his hand. He was trying to pretend it hadn't happened while it was still happening!


He finished, got up and left, leaving us both to digest/vomit over what had just happened.


It was disgusting, an unnatural moment shared by two close friends, and despite this, i swear, just as he left the room, i saw him bring his glistening palm to his hand and take a sniff. filthy bastard. 

So what's your wanking mistake?",https://www.reddit.com/r/CasualUK/comments/5zj2tb/wanking_gone_wrong/,1489581309.0,105,0.93,64,CasualUK,[deleted]
5zcbvt,Just got a promotion!,[deleted],https://www.reddit.com/r/CasualUK/comments/5zcbvt/just_got_a_promotion/,1489500755.0,81,0.95,44,CasualUK,[deleted]
5z758c,What Pattern Is Your Ceiling Artex?,[deleted],http://i.imgur.com/Etjq9ib.jpg,1489433670.0,137,0.98,46,CasualUK,[deleted]
5z3s6r,Every British swear word has been officially ranked in order of offensiveness,,https://www.indy100.com/article/british-swear-words-ranked-ofcom-7340446,1489390900.0,65,0.89,93,CasualUK,quinn_drummer
5z0rsq,I'm on your mum's road,[deleted],https://i.redd.it/l53ej3ise1ly.jpg,1489350705.0,191,0.96,20,CasualUK,[deleted]
5yzft9,Who knew indians could be so vicious?,,https://i.redd.it/5crfqeu9vxky.png,1489335894.0,66,0.86,21,CasualUK,[deleted]
5yty2e,England have won the 2017 Six Nations after beating Scotland 61-21!,,https://www.reddit.com/r/CasualUK/comments/5yty2e/england_have_won_the_2017_six_nations_after/,1489255570.0,48,0.85,24,CasualUK,SwedishTurnip
5yt32v,Invest in tinnies,,http://imgur.com/x8dBQX1,1489245313.0,112,0.94,8,CasualUK,dibdob93
5ylyif,Man doing a BBC News interview is rudely interrupted...,,https://twitter.com/joe_co_uk/status/840165524038377472,1489151335.0,118,0.94,42,CasualUK,Ukelayley
5ylt1v,I've never seen a potato as big as this chip,,https://i.redd.it/5pxk2j6rrkky.jpg,1489149274.0,120,0.93,20,CasualUK,Sparx808
5ylhu3,What's in your local paper today? Let me kick it off with this gem,,http://imgur.com/XzWgdFi,1489143871.0,73,0.93,16,CasualUK,SquireBev
5ygrnw,Dave with the banter.,,https://imgur.com/gallery/3GIuR,1489084077.0,168,0.97,12,CasualUK,IAmNotStelio
5yeusa,Can you pass the 'Life in the UK' test that's required for citizenship?,[deleted],https://www.theuktest.com/life-in-the-uk-test/1,1489063740.0,64,0.96,121,CasualUK,[deleted]
5y76u5,Happy IWD to the ladies of CasualUK,Even if there are only about 5 of us ;),https://www.reddit.com/r/CasualUK/comments/5y76u5/happy_iwd_to_the_ladies_of_casualuk/,1488968841.0,63,0.88,90,CasualUK,jemjabella
5y75ka,Like a knife through but...,,https://i.redd.it/y2hsaoc4t5ky.jpg,1488968166.0,116,0.92,23,CasualUK,OrphanSaturn
5y0fxp,I saw a man get on the train in East London and try to teach his dog to play the trumpet...,He went from Barking to Tooting.,https://www.reddit.com/r/CasualUK/comments/5y0fxp/i_saw_a_man_get_on_the_train_in_east_london_and/,1488894919.0,87,0.93,13,CasualUK,mahaneap
5xzbuo,Police Statement: We cannot find the town that was previously located in Yorkshire.,We currently have no Leeds,https://www.reddit.com/r/CasualUK/comments/5xzbuo/police_statement_we_cannot_find_the_town_that_was/,1488876324.0,211,0.93,21,CasualUK,HarryGoLocky
5xcbkx,Thanks CasualUK! The wine went down a treat with her meal!,[deleted],http://imgur.com/a/2Mju8,1488568293.0,65,0.93,29,CasualUK,[deleted]
5x35gf,My nephew doesn't understand we use GBP and not USD,Poor kid isn't particularly smart but this one drives me nuts. Always talking about dollars and writes $. Is this a common thing amongst kids today?,https://www.reddit.com/r/CasualUK/comments/5x35gf/my_nephew_doesnt_understand_we_use_gbp_and_not_usd/,1488460823.0,53,0.94,50,CasualUK,TheRealest_Me
5x2f66,Yes your child looks lovely dressed as that film character for world BOOK day.,Anybody else seething with annoyance over World Book Day mums on facebook today?,https://www.reddit.com/r/CasualUK/comments/5x2f66/yes_your_child_looks_lovely_dressed_as_that_film/,1488449077.0,75,0.9,94,CasualUK,siriuslywinchester
5wxlgu,Why don't they make scratch cards 99p then you've got something to scratch it with?,[deleted],https://www.reddit.com/r/CasualUK/comments/5wxlgu/why_dont_they_make_scratch_cards_99p_then_youve/,1488391617.0,286,0.98,19,CasualUK,[deleted]
5ww9f1,"""Use your mobile phone &amp; drive as of today you'll end up with more points on your licence than Liverpool FC got throughout February......SIX""",,https://twitter.com/GMPMiddleton/status/836927460826574849,1488379690.0,86,0.91,16,CasualUK,[deleted]
5wvpqj,Is this Britain's rudest address? Semi at 69 Cock Lane goes on sale,,http://www.standard.co.uk/news/uk/is-this-britains-rudest-address-semi-at-69-cock-lane-goes-on-sale-a3187796.html,1488374465.0,85,0.94,21,CasualUK,tmstms
5wnjon,Eric Monkman,,https://i.redd.it/tvong0rg6liy.jpg,1488282500.0,107,0.94,21,CasualUK,AnalJihadist
5whiz2,"Went to London and back yesterday without being murdered, mugged or nonced out. I'm putting it down to the protection afforded by taking my lucky piece of coal.",,http://i.imgur.com/NZoPcVl.jpg,1488211523.0,185,0.94,45,CasualUK,HPB
5wbdbz,"Your bedroom window views are beautiful, but get on your knees and tremble at the awe-inspiring, beautiful majesty that is mine. Weep at its glory. Clench your fists in bitter, bitter jealousy.",,http://imgur.com/a/rvAcq,1488132064.0,73,0.95,35,CasualUK,[deleted]
5w9ftw,[Post match thread] Going to the football with /u/Bell_Whiff,"Yesterday I was invited to go to the Watford match with /u/Bell_Whiff. It's just like tinder and not weird at all, he said. I thought why not, free football ticket, it'll be fine. 

Well, how wrong was I? Very.

We met at Canning Town to get the tube and he seemed normal enough, though the camouflage jacket didn't really go with the Watford FC jogging bottoms. It's the football though, people want to support their club, fine. We got on the train and were chatting away normally until I said something vaguely funny, and instead of laughing whiffers replied ""+1 upboat to you, sir!"" Alright, bit weird, but maybe he's forgotten we're in real life now.

We got off the tube at Euston to get the train to Watford and it got weirder. It started with someone trying to pass by him and politely saying excuse me. Immediately he produced a pen and paper and began writing ""From Whiffers with love"" to this woman. When she said she was just trying to get past he screamed at her ""DO YOU NOT KNOW WHO I AM?! BANNED!!!"" It was quite a scene. He tore up his signed note and threw it at her as she scarpered, poor woman.

We then get on the train, and I'm a bit wary at this point, but he'd brought a few tinnies (strongbow dark fruits - I should have just left immediately in hindsight) and we start talking normally. Obviously this couldn't last when an American also on his way to the game sat down opposite us.

The guy started talking to us about the game, but had to stop since Whiff was squirting dark fruits out of his mouth at the yank. Just repeatedly spraying fizzy alcohol pop at the bloke like a shitty squirtle. The guy was about to say what the fuck until whiffers started shouting ""Reeeeeeeee this is the UK I'm in charge here get out scrub!"" The poor yank ran off to the toilet and left me with the fizzy pop weirdo.

The strangest part came at the game, when we met with /u/robdeejay and whiffers turned completely normal. Like an actual, functioning human. It was bizarre, a fa√ßade of normality and honestly it was the creepiest part of the whole experience for me. The match itself wasn't great, hence being last on motd, but I enjoyed it. Decent chips.

We left /u/robdeejay and it was straight back to the upboats and do you know who I am? Whiffers. It turns out he has personalised user tags for everyone who has ever replied to a comment of his. They're all screenshotted on his phone. Worrying. 

We met up with my gf on the way back as I was staying at hers and he changed again, from the guy who was boasting about his karma (""I've got 100,000 in a month alone - who the fuck are you?"") to the ultimate stereotype. Out of nowhere he produced a fedora, tipped it, went to one knee and tried to kiss my girlfriend's hand. Weirded out she pulled her hand away, leading to poor Whiffers, tears in his eyes, saying ""M'lady..?"" as he backed away. He squirted the last of the dark fruits he'd been saving in his cheek like a weird alcoholic hamster at us, before turning and running away.

I just hope he got home safe. Cheers for the ticket.",https://www.reddit.com/r/CasualUK/comments/5w9ftw/post_match_thread_going_to_the_football_with/,1488102111.0,130,0.89,51,CasualUK,jptoc
5w3san,The origins of a few UK High Street shops,,http://imgur.com/a/u1e8R?,1488024265.0,131,0.9,18,CasualUK,malcolio
5w0h4k,Ban this sick filth!,,http://i.imgur.com/ootk5o7.jpg,1487974173.0,337,0.98,35,CasualUK,[deleted]
5vzsd2,What is wrong with some of you?,,http://imgur.com/ZJZzEFT,1487967108.0,80,0.96,15,CasualUK,[deleted]
5vwcpv,"22/02/17, the day Sunderland peaked.",,https://i.reddituploads.com/b780739699824e11b475bf4616a60fd7?fit=max&amp;h=1536&amp;w=1536&amp;s=9e807216eeaaf29d3aca0ea3984d50ce,1487923716.0,606,0.98,35,CasualUK,Katstronaut
5vs5i1,Having a nap on the train,,http://imgur.com/K5IpC61,1487874990.0,124,0.96,18,CasualUK,[deleted]
5vpyci,Drinking Alcohol at Uni,[deleted],https://www.reddit.com/r/CasualUK/comments/5vpyci/drinking_alcohol_at_uni/,1487850228.0,235,0.87,97,CasualUK,[deleted]
5vlyko,Highlight of the Brit Awards came during Katy Perry's performance,,http://i.imgur.com/af9XU39.gifv,1487803002.0,84,1.0,10,CasualUK,robcoo
5vk9bh,The pedestrianisation of Norwich city centre,,https://i.reddituploads.com/b573aaf0b49143e6abffd172aa5394e4?fit=max&amp;h=1536&amp;w=1536&amp;s=852bb97215e1399a8b56696eb973a2d2,1487786819.0,83,0.97,16,CasualUK,dieyoubastards
5vbh2j,We have been picked to be Subreddit Of The Day!,"Our slot will be at the end of March so keep your eyes peeled for it on /r/subredditoftheday.  
  
We can expect thousands of American's to descend upon us so we'd best start building 'Whiffer's Wall' to keep them out.",https://www.reddit.com/r/CasualUK/comments/5vbh2j/we_have_been_picked_to_be_subreddit_of_the_day/,1487683765.0,156,0.96,134,CasualUK,[deleted]
5vaw86,Can we take a moment to appreciate the hilarity that is currently Gordion Ramsay's Twitter.,[deleted],https://twitter.com/GordonRamsay,1487674506.0,98,0.94,15,CasualUK,[deleted]
5v3qn5,/r/CasualUK - One week in the making,"3,500 subscribers in the first week and we managed to trend on the front page, top effort!  
   
_________________________________________________  
**Some fun facts**  
  
- We've only banned 6 people, one of whom was actually 4 people. So we've banned 3 people.  
  
- We've also banned 6 bots. Fucking bots.  
  
- We've had over 66,000 page views. Only 50,000 of them are from /u/shadybeaver  
  
_________________________________________________  
**Flairs**  
 
- Massive shout out to /u/captainigloo who has been working tirelessly to create the CSS and all the flairs for the sub. I'm sure we can think of more categories to keep him busy.  
  
- With regards to pictures in the top right corner, we're relying on you chaps to post your funny / interesting pictures and we will then include these going forwards.    
  
__________________________________________________________________________________________  
**Discord Server**  
  
All up and running with the shit post brigade shit posting the day away. Just do a click on the link in the description.
  
_________________________________________________  
**Daily Threads**  
  
I'm sure you've noticed we have a ""theme of the day"" thread which we're trying to keep as random as possible. Every Monday we'll have a weekend report type thread and Tunesday is run by /u/jptoc but the other days are all up for grabs. Please do send us a Modmail if you have an idea for a sticked thread each day and we'll let you run with it!  
  
_________________________________________________  
  
**Any other business**  
  
Anything you feel this sub is missing? Anything we can be doing better?",https://www.reddit.com/r/CasualUK/comments/5v3qn5/rcasualuk_one_week_in_the_making/,1487584421.0,96,0.95,78,CasualUK,[deleted]
5v17qo,"I just watched an episode of ""One Born Every Minute."" 2 babies were born in the 60 minutes. Clearly false advertising",,https://www.reddit.com/r/CasualUK/comments/5v17qo/i_just_watched_an_episode_of_one_born_every/,1487547498.0,66,0.92,12,CasualUK,HarryGoLocky
5uz22y,"For a bit of a laugh, here's the modification that my local council made to my car last summer 3 days before I started a new job. Thanks, you wankers",,http://imgur.com/3ZcEs4J,1487522451.0,65,0.92,8,CasualUK,asdfghjklemons
5uxdmf,What does your town's shittest pub look like?,[deleted],https://www.reddit.com/r/CasualUK/comments/5uxdmf/what_does_your_towns_shittest_pub_look_like/,1487492550.0,52,0.92,51,CasualUK,[deleted]
5ut7x4,Look Around You: A spoof of those awful science shows they used to make you watch in school,,https://www.youtube.com/watch?v=uq04SazQlEk,1487435612.0,102,0.96,16,CasualUK,LarcusMywood
5urt78,"Four word British horror stories, can anyone think of anymore?",,https://instagram.com/p/BQnwiy6gZUM/,1487411875.0,76,0.9,61,CasualUK,Matt2329
5uq3y8,Switching music with my 17 year old daughter for the weekend.,"I made her a CD with some of my favourites from when I was a teenager in the 80s. She has a playlist though with 40 songs! 

I am a 47 year old man who has listened to the following songs this evening:

Ariana Grande- Dangerous Woman (did not enjoy)

Justin Bieber- What Do You Mean? (Did not enjoy)

Drake- Fake Love (It had a catchy little hook but gets dull quickly)

The 1975- The Sound (Pure Dross)

Chainsmokers- Closer (have to admit I found mild enjoyment)

Hailee Steinfeld- Love Myself (dull and repetitive)

Ed Sheeren- Thinking Out Loud (shite)

DNCE- Cake By The Ocean (decent little electro pop song)

More to come 
",https://www.reddit.com/r/CasualUK/comments/5uq3y8/switching_music_with_my_17_year_old_daughter_for/,1487382305.0,55,0.93,73,CasualUK,ManchesterDavo
5ummmt,UK Advertising at its pinnacle,,https://i.redd.it/1mqed2m7pfgy.jpg,1487344546.0,149,0.97,23,CasualUK,HarryGoLocky
5ulkvz,Battle of wills.,,http://imgur.com/a/P9D9N,1487329842.0,274,0.94,23,CasualUK,Tookin
5uidrf,Has anybody else enjoyed just having a nice sub to have a general chit chat with people? I really like this community and hope it grows.,"Also, Beavs! Classic Beavs! ",https://www.reddit.com/r/CasualUK/comments/5uidrf/has_anybody_else_enjoyed_just_having_a_nice_sub/,1487284299.0,105,0.95,72,CasualUK,HarryGoLocky
5ui2jc,7 years ago Mr Hoskins gave me an E in A Level Product Design. Tonight I beat him 3 - 2 in six-a-side,"Scored against him, set a goal up and nutmegged him. Feels good! ",https://www.reddit.com/r/CasualUK/comments/5ui2jc/7_years_ago_mr_hoskins_gave_me_an_e_in_a_level/,1487281247.0,77,0.97,23,CasualUK,HarryGoLocky
5uayz3,Highland Mini: My favourite photograph I've taken in the British Isles,,http://imgur.com/wghir4O.jpg,1487199651.0,67,0.94,22,CasualUK,scwol
5u6en7,What needs to be banned in the UK?,"Yesterday I saw someone say people having conversations in shop doorways should be banned.  
  
What else?",https://www.reddit.com/r/CasualUK/comments/5u6en7/what_needs_to_be_banned_in_the_uk/,1487150052.0,67,0.93,222,CasualUK,[deleted]
5u6atx,We're a trending sub!,,https://www.reddit.com/r/trendingsubreddits/comments/5u66y5/trending_subreddits_for_20170215_ronewordeach/,1487147950.0,108,0.88,79,CasualUK,[deleted]
5u0rm9,I think it's time that walking on the left is ENFORCED.,[deleted],https://www.reddit.com/r/CasualUK/comments/5u0rm9/i_think_its_time_that_walking_on_the_left_is/,1487085708.0,59,0.89,20,CasualUK,[deleted]
5tztg8,Meanwhile at... Singhbury's.,,https://i.redd.it/tk3otgl7ctfy.jpg,1487073753.0,217,0.98,25,CasualUK,[deleted]
5tzsrb,Meanwhile at Sainsbury's,,https://i.reddituploads.com/54e4bc90b3bd4c39aec3caf66166dc59?fit=max&amp;h=1536&amp;w=1536&amp;s=aeea395b0d5548b1fcc0d2cd241a4ba2,1487073470.0,128,0.95,23,CasualUK,[deleted]
5tt49a,"Sun's starting to come out more, I can finally start using the washing line again!",,http://i.imgur.com/4gntG9y.jpg,1486996012.0,151,0.96,37,CasualUK,[deleted]
5tsdf0,Welcome to /r/CasualUK,"This sub is an alternative to /r/UnitedKingdom. We wanted to create a subreddit without non-stop politics, brexit, financial doom and gloom etc.  
  
What do we want to see?  
  
- We want to see news fun or interesting news stories.   
- We want to debate the best biscuits  
- That time the plumber did a shit in the bath  
- Pictures of your town  
- Anything else that is light and casual  
  
We **don't** want:  
  
- Politics, Brexit, hate etc.",https://www.reddit.com/r/CasualUK/comments/5tsdf0/welcome_to_rcasualuk/,1486985266.0,88,0.94,85,CasualUK,[deleted]
dnd0dm,This company is called ‚ÄòWe Buy Any Stairlift‚Äô however their literature and policies seem to state otherwise.....,,https://i.redd.it/9kw8qrenlvu31.png,1572091501.0,72,0.88,7,CasualUK,[deleted]
dncxsa,St James's Hospital in Leeds even has a button to summon up a cast member from Carry On Nurse,,https://i.redd.it/8gzpwom8kvu31.jpg,1572091027.0,68,0.91,13,CasualUK,mhoulden
dnclzz,Found a bit of my childhood in my parents attic. Kick/Flick about anyone?,,https://i.redd.it/4wxz7fxhdvu31.jpg,1572088765.0,81,0.95,24,CasualUK,metalthunder84
dnby4r,"The laminated book of dreams, now in website format.",,http://argosbookofdreams.co.uk/,1572084260.0,52,0.99,13,CasualUK,LotsOfChickens
dnbwx6,World Cup Final Party!,What a fucking game I am so stressed out.,https://www.reddit.com/r/CasualUK/comments/dnbwx6/world_cup_final_party/,1572084045.0,165,0.96,87,CasualUK,[deleted]
dnb84w,Made myself the classic school pudding of Cornflake Tart. Just gotta get me some custard now.,,https://i.redd.it/bll73ejvkuu31.png,1572079133.0,337,0.98,61,CasualUK,pennycrayon
dnb57u,The right way to get aboard.,,https://i.redd.it/9v2btfl4juu31.jpg,1572078546.0,63,0.99,7,CasualUK,Close_enough5
dnaxlr,Never mind the Haka - I'm pretty sure that the England side doing a Morris Dance would scare the crap out of any opposing team.,,https://www.reddit.com/r/CasualUK/comments/dnaxlr/never_mind_the_haka_im_pretty_sure_that_the/,1572077000.0,181,0.97,34,CasualUK,MadcapRecap
dnauvc,"Did I hit peak British last night, playing cribbage in a working men's club while the meat raffle was going on.",Now includes bar billiards and the the quiz night. Just won some chocolates in the raffle!,https://www.reddit.com/r/CasualUK/comments/dnauvc/did_i_hit_peak_british_last_night_playing/,1572076427.0,237,0.97,85,CasualUK,tjw376
dnadov,The Isle of Wight this morning,,https://i.redd.it/yk980juc2uu31.jpg,1572072909.0,8746,0.96,260,CasualUK,tmiwi
dn9k5w,The new James bond is great,,https://i.redd.it/hlr2ymysktu31.jpg,1572067007.0,488,0.92,22,CasualUK,[deleted]
dn5yb6,Victoria Coren-Mitchell was on her husband‚Äôs WILTY team tonight and it was absolute comedy gold.,[deleted],https://m.youtube.com/watch?v=cwmDrQzsFT8,1572047231.0,371,0.97,77,CasualUK,[deleted]
dn56jy,Ducks under a shade in hyde park,,https://i.redd.it/a8wuaa4fnru31.jpg,1572043681.0,86,0.95,12,CasualUK,danky_boi-YT
dn4wp2,"My Friday night. I adopted Apollo (the one on the right). My brother adopted his brother, Atlas (on the left). Every other week they have a sleep over so they can still hang out and we take turns to host. Tonight is my night.",,https://i.redd.it/ve8koyorjru31.png,1572042440.0,1809,0.98,45,CasualUK,SleepFlower80
dn4gvw,"Getting married next year, better let the Queen know in advance.",,https://i.redd.it/tb8tws6zdru31.jpg,1572040492.0,163,0.95,24,CasualUK,bordin89
dn3gel,So how was everyone else's day at work?,,https://i.imgur.com/no0inkp.jpg,1572035981.0,68,0.99,14,CasualUK,Fishamatician
dn3f49,"Euston, we have a problem",,https://i.redd.it/6dfa799zzqu31.jpg,1572035825.0,708,0.99,56,CasualUK,peacenfunk
dn34v8,The North-South divide rears its head yet again,,https://i.imgur.com/kqkXnVC.png,1572034610.0,147,0.98,19,CasualUK,VinnySauce
dn2vza,Rental listing bingo,,https://i.redd.it/yppsoe09tqu31.png,1572033546.0,90,0.99,19,CasualUK,novemberdobby
dn2s52,I *DO* like a nicely re-painted village sign,,https://filedn.com/lnJp6X7QX8y063Wuq1QkInV/Reddit/2019/VillageSign.jpeg,1572033082.0,65,0.97,0,CasualUK,beermad
dn2e9k,Cubicle wars,,https://i.redd.it/fjq206d0nqu31.png,1572031456.0,83,0.98,5,CasualUK,[deleted]
dn24ht,"Well, it is Derbyshire",,https://i.redd.it/l5pegucpjqu31.png,1572030322.0,124,0.94,6,CasualUK,Spider_Dimwit
dn1t60,Made my daughter a Peppa Pig cake. I cocked up.,,https://i.redd.it/8hxy85lsfqu31.jpg,1572029006.0,2551,0.99,81,CasualUK,RepetitiveDolphin
dn0q21,Local Chinese takeaway is fully embracing British culture. A step too far?,,https://i.imgur.com/0fJvFbm.jpg,1572024514.0,67,0.98,29,CasualUK,WillOnlyGoUp
dmyhsa,"My local Tesco is so big, google has mapped it.",,https://i.imgur.com/PyV9vlw.png,1572014913.0,518,0.99,90,CasualUK,Foxhuntelectronic
dmyh4a,Is there anything more sexy than a freshly opened packet of Blu-Tack?,,https://i.redd.it/dj497a0k9pu31.jpg,1572014833.0,814,0.99,34,CasualUK,king-kongs-finger
dmyc80,Quite a few people in the comments appear to think this is real...,,https://i.redd.it/wa1075zdrnu31.png,1572014223.0,147,0.99,10,CasualUK,RodriguezTheZebra
dmxj7w,"Hello, I‚Äôm hoping someone can identify this item of clothing, it appears to be a school uniform from the UK. Europol are seeking to identify the geographical location from where this may have originated in a child abuse investigation. This is from r/TraceAnObject.",[deleted],https://i.redd.it/7601yk1rwou31.png,1572010485.0,6061,0.98,290,CasualUK,[deleted]
dmwscz,"This was the saddest day of my life, second only to the death of DC Tosh Lines.",,https://i.redd.it/37xi941jlou31.jpg,1572006710.0,86,0.96,16,CasualUK,mrspea84
dmwmdh,I made a table. Found the legs buried in the garden,,https://imgur.com/XxIh3BJ,1572005806.0,195,1.0,19,CasualUK,Tree-House-Tom
dmwdtj,It just feels like this should belong here,,https://i.redd.it/izem57z4cnu31.jpg,1572004551.0,739,0.97,56,CasualUK,SamBrev
dmw3he,When lacking pen and paper...,,https://i.redd.it/1u03bv25aou31.png,1572002893.0,113,0.99,6,CasualUK,[deleted]
dmvgn1,Please come to my recital,"Over the last year I have been learning to play the recorder.  Anyway Sunday 15th December I am playing in a recital at  Woolpit church  at 3pm and would really appreciate if you could come and see me, anyway I have attached a little bit of my recent work for you to listen to, I‚Äôm really very proud of it... https://vocaroo.com/i/s0rHtlB9xTKi

Update: thank you for your support. You have been very kind. A few of you mentioned that it's too far for you, so I'm talking with some venues to get more dates in different locations",https://www.reddit.com/r/CasualUK/comments/dmvgn1/please_come_to_my_recital/,1571999052.0,329,0.96,65,CasualUK,Ohbc
dmve7n,Fight me,,https://i.redd.it/iop6i6sixnu31.jpg,1571998639.0,101,0.94,37,CasualUK,JagerHands
dmux1u,Officially a Brit.,"Had my ceremony yesterday in Bristol. It was a much grander event than expected and I got a wee medal! It was a very special day and worth the hangover this morning. Thanks for having me.

Edit: Thank you for the love, condolences and silver! Feeling the love.",https://www.reddit.com/r/CasualUK/comments/dmux1u/officially_a_brit/,1571995478.0,187,0.95,98,CasualUK,Ripley_Tee
dmuv9z,"Can we just appreciate the names of these islands, north of Burrafirth, Shetland Islands. [Source: OS 1:250 000 Scale Colour Raster, Grid Square HP]",,https://i.redd.it/a0ijh7n4nnu31.png,1571995141.0,58,0.96,23,CasualUK,Col_Telford
dmuq7d,"Supporting our local community, sort of",,https://i.redd.it/rclj3ku9knu31.jpg,1571994188.0,67,1.0,6,CasualUK,ManicJam
dmunoi,"So I just saw this in Southall, West London just now and I thought the name looked familiar. Expectation vs reality.",,https://i.redd.it/vpqm1cvvinu31.jpg,1571993717.0,60,0.94,9,CasualUK,pizzzagogo
dmu9f3,After seeing the Triple Shreddie from two days ago I also just won the cereal lottery!,,https://i.redd.it/6zwc8vccanu31.jpg,1571990843.0,169,0.98,29,CasualUK,Stanleeisbatman
dmtpq3,"I grumble about my long train journey into London each day, but it does at least treat me to beautiful sunrises on occasion!",,https://imgur.com/OB8M8ez,1571987034.0,448,0.98,12,CasualUK,Dr_Heron
dmtfsw,I love ducks,,https://i.imgur.com/gpUTGU3.jpg,1571985230.0,15679,0.95,426,CasualUK,suexo
dmtbbt,The view from the sofa on gogglebox,,https://i.redd.it/nacymwxbqmu31.png,1571984354.0,213,0.95,67,CasualUK,umpstalumpsta
dmnqpp,Looks like someone from Grimsby‚Äôs got a job on GMB,,https://i.redd.it/11yjznxfbku31.jpg,1571955038.0,161,0.99,13,CasualUK,AncientFinger
dmmpd3,Home made Halloween decorations my 5yr old made to brighten up our un wallpapered wall after the landlord stopped responding. So proud,,https://i.redd.it/sba9yay7zju31.jpg,1571950783.0,278,0.95,55,CasualUK,Bad_Wolf_2014
dmmcu0,I can‚Äôt remember which mountain this was but the lakes were beautiful this day.,,https://i.redd.it/f1jxir1zuju31.png,1571949356.0,48,0.93,2,CasualUK,endangeredpenguin
dmmb8z,Royal Yacht Britannia getting a bit flirty...,,https://i.redd.it/njbu0y9huju31.png,1571949194.0,2385,0.99,41,CasualUK,PRY88
dmlgs9,You know it‚Äôs a classy pub when this is above the mirror in the bathroom.,,https://i.redd.it/iqftkvz2kju31.png,1571945736.0,153,0.99,17,CasualUK,Jimmymgs
dml5px,UPDATE: Only went and got the job!,"[Previous Post] (https://www.reddit.com/r/CasualUK/comments/dkbd3h/ive_got_an_interview_at_cineworld_any_advice)

Had the interview an hour ago, they didn't ask for the too many questions and I got the job :D. Thanks everyone for the advice!",https://www.reddit.com/r/CasualUK/comments/dml5px/update_only_went_and_got_the_job/,1571944423.0,112,0.93,15,CasualUK,ShaneH7646
dmknw6,"If you have an Android TV, there's a Beehive Bedlam app to relive Sky's glory days",,https://i.imgur.com/qS5zlEC.jpg,1571942292.0,394,0.98,39,CasualUK,joebot3000
dmk9z0,Have you met Emma? She‚Äôs a life size model showing what office workers might look like in 20 years time.,,https://i.redd.it/7m7z5ed55ju31.png,1571940668.0,73,0.88,54,CasualUK,limegreenbunny
dmk9bc,I got a job!,[deleted],https://www.reddit.com/r/CasualUK/comments/dmk9bc/i_got_a_job/,1571940590.0,1011,0.97,99,CasualUK,[deleted]
dmjhiu,"For your consideration: Pirate Mick, the official mascot of Derby Council Parks",,https://i.redd.it/vt4fckf2viu31.jpg,1571937280.0,77,0.97,8,CasualUK,lordcollingwood120
dmjeyb,Local restaurant is proud enough to have paid for this ad,,https://imgur.com/0qc8QcQ,1571936967.0,80,0.95,8,CasualUK,GaussWanker
dmimyu,"Found this relic when cleaning out the cupboard, it was copyrighted in 1998!",,https://i.redd.it/ev17kd40kiu31.jpg,1571933561.0,73,0.94,18,CasualUK,enohpxas
dmilb2,Hold tight DJ Skips and The Bin Crrrreeeeewwwww!!!!,,https://i.redd.it/je7cqyddjiu31.png,1571933367.0,177,0.97,16,CasualUK,Birdseed285
dmhzem,Either Southampton is about to achieve it's first miracle or the developers don't understand the concept of a deadline.,,https://i.imgur.com/PZFOMZU.jpg,1571930765.0,289,0.98,34,CasualUK,criesoftheplanet
dmguvl,When 10 mph is too fast,,https://i.redd.it/kim66sjzwhu31.png,1571925827.0,296,0.98,20,CasualUK,LiOH24
dmg71u,We've hit peak Wolf Fleece,,https://imgur.com/W1IZyrH,1571922682.0,101,0.98,11,CasualUK,echoesreach
dmfkkm,"Thanks, Sainsburys",,https://i.redd.it/h03hhtg1ehu31.png,1571919461.0,131,0.97,26,CasualUK,WintrySnowman
dmeup6,TBT TO WHEN DAPPY WAS ON THE TOTAL CARP COVER,,https://i.redd.it/spt91fxz1hu31.jpg,1571915394.0,180,0.95,33,CasualUK,ChaeusXCVI
dme5xm,"Was googling ""90's UK Kid's TV Shows"". I suppose it's actually kind of right in a way......",,https://i.redd.it/1nzatyerogu31.png,1571911000.0,54,0.94,30,CasualUK,HolyFlurkingShnit
dmdyi2,For those of you who play red dead redemption,[deleted],https://i.redd.it/77hgqijdpcu31.png,1571909546.0,96,0.93,8,CasualUK,[deleted]
dmdxjk,"Taking a long furby to the local pub, as you do",,https://i.imgur.com/N91i4pR.jpg,1571909341.0,377,0.98,24,CasualUK,FuckingPope
dmde9c,My Son‚Äôs breakfast. Wish I was brave enough to make myself one.,,https://i.redd.it/7cgd24pe8gu31.jpg,1571905445.0,92,0.93,25,CasualUK,zilchusername
dmd7ya,I do love National Rail social media.,,https://i.redd.it/uwkmml4h4gu31.jpg,1571904169.0,31957,0.95,507,CasualUK,tudgeo
dmd4xq,The Lake District. My absolute favourite spot in England.,,https://i.redd.it/i97cqw6o2gu31.png,1571903557.0,878,0.99,47,CasualUK,thaibeachtraveller
dmcz3x,"Is this legal? It's outside Kilburn tube station. I have no option but to enter the area because you know, I have no other way to get to work.",,https://imgur.com/RpBz1qu,1571902387.0,130,0.97,65,CasualUK,noni_five
dmcm97,Don‚Äôt know why Morrison‚Äôs was insulting me on my way to work this morning,,https://i.redd.it/vhlcj41yrfu31.png,1571899907.0,1242,0.99,49,CasualUK,docju
dmckyi,Went and visited your beautiful country back in august. The weather did not disappoint.,,https://i.imgur.com/BESxsec.jpg,1571899660.0,733,0.94,98,CasualUK,Floptickle
dm808c,A British path in autumn (not fall!!!!),,https://i.redd.it/75iv9oyqndu31.png,1571874284.0,58,0.91,10,CasualUK,acheivedraccoon
dm7qtu,Not sure if the causeway to Holy Isle is clear yet? Send a small child across to check the depth.,,https://i.redd.it/zools134kdu31.jpg,1571873080.0,81,0.97,11,CasualUK,hazps
dm7hee,Nostalgia anyone?,[deleted],https://i.redd.it/gkyos60rgdu31.png,1571871929.0,285,0.98,22,CasualUK,[deleted]
dm6nxv,Sassy independent kitten takes the train to Cambridge,,https://i.imgur.com/QFMAvmA.jpg,1571868448.0,314,0.98,27,CasualUK,wigglymink
dm6a17,"Britannia Bridge, which connects Anglesey and mainland Wales, looks pretty cool underneath imo. Gotta love engineering!",,https://i.redd.it/82zetaxq1du31.jpg,1571866884.0,63,0.95,7,CasualUK,ejwills611
dm60hp,Beverley Minster - this country's architecture is stunning!,,https://i.redd.it/nr93rwdfycu31.jpg,1571865769.0,104,1.0,14,CasualUK,tomc128
dm5au1,My town has put signs in the streets indicating who from that street lost their lives as a result of war,,https://imgur.com/RvxgqMO.jpg,1571862918.0,380,0.98,54,CasualUK,featurenotabug
dm4jg8,"Seriously, why are all those sections near each other anyway?",,https://i.redd.it/k0c6iqcxgcu31.jpg,1571859879.0,958,0.99,9,CasualUK,TheJeck
dm4ct0,The Apprentice Week 4: Electric Bikes,"Good evening!

Last week we said goodbye to Souleyman (a little harshly, I think) after Tommy the Turtle didn't convince toymakers to invest in Team Unison. As an aside, calling the team Unison is guaranteed to end up ironic, isn't it?

Either way, Talking Tommy, voiced by Tommy FACKIN Skinner, didn't wow anyone, and Riyonn brought Souleyman back in for the chop. Not sure why, and I'm not sure how he didn't get the boot himself because he was a rather useless PM.

On the other team, Pam's MLP rip off combined with slime was only saved thanks to Iasha's quick thinking in the pitch, immediately winning us all over by saying a key skill of hers is ""winging it."" 

This week the contestants are doing something with electric bikes. Calling surlordalunsugar making a joke about ""just riding a bike"" in the boardroom now. 

The contestants:
-

Name| Age| Occupation| PM Count|Twat?| Week Out
---|---|----|----|----|----|----
Dean Ahmad|20|Owner, Sports Management Agency|-|Gormless twat|- 
Scarlett Allen-Horton|32|Owner, Recruitment Company|1|Recruiter|- 
Jemelin Artigas|34|Network Marketing Consultant|-|No|- 
~~Souleyman Bah~~|20|Motivational Speaker|-|Yes|3 
Lewis Ellis|28|Digital Marking PM|1|Yes|- 
Lubna Farhan|33|Finance Manager|-|Yes|- 
Riyonn Farsad|30|Events Manager|1|Yes|- 
~~Shahin Hassan~~|36|Engineer|-|Yes|1
Pamela Laird|29|Owner, Beauty Brand|1|Yes|- 
Carina Lepore|30|Owner, Artisan Bakery|1|Yes|- 
Lottie Lion|19|Librarian|-|FUCKING LIBRARIAN|- 
Ryan-Mark Parsons|19|Luxury Womenswear Consultant|-|Poncey twat|- 
Iasha Masood|27|Account Manager|-|No|- 
~~Kenna Ngoma~~|24|Owner, Ice Cream Company|1|Yes|2 
Marianne Rawlins|36|Owner, Risk Management Consultancy|-|Yes|- 
Thomas Skinner|28|Owner, Pillow Company|-|Aggro twat|-",https://www.reddit.com/r/CasualUK/comments/dm4ct0/the_apprentice_week_4_electric_bikes/,1571859113.0,56,0.87,624,CasualUK,jptoc
dm4bin,Used to think i could smash those obstacle courses,,https://i.redd.it/ui0bmuv0ecu31.jpg,1571858967.0,177,0.99,18,CasualUK,TyRobbo99
dm2rj5,Greetings from Lincolnshire,,https://i.imgur.com/7iaclJI.jpg,1571852452.0,59,0.97,3,CasualUK,kumquat_may
dm2qga,"Penny sweets, Waitrose, penny sweets.",,https://imgur.com/0oCpWPR,1571852316.0,106,0.98,29,CasualUK,kopsy
dm2n2y,Robert the Bruce... found!,,https://i.imgur.com/cl5HKz6.jpg,1571851927.0,80,0.96,3,CasualUK,President-Nulagi
dm2md0,Autumn in Birmingham.,,https://i.redd.it/arf0rf5zsbu31.jpg,1571851840.0,49,0.93,9,CasualUK,-Dastardly-
dm2h3z,After a long and arduous drive from the capital we are very happy to have made it to the UK‚Äôs top tourist attraction.,,https://i.redd.it/qatlnn84rbu31.png,1571851220.0,11473,0.96,225,CasualUK,Ninnypooo
dm2eqy,Hydroponic equipment finds a new home after a drug bust!,,https://i.redd.it/uqciei2cqbu31.jpg,1571850937.0,188,0.99,23,CasualUK,allthekos
dm23pv,"LTD Edition ""Old"" IRN BRU.",[deleted],https://i.redd.it/vmxc8xldmbu31.jpg,1571849640.0,259,0.98,50,CasualUK,[deleted]
dm1qxx,My daily commute to university hasn‚Äôt got the worst view in the world,,https://i.redd.it/duez1x07u9u31.png,1571848107.0,93,0.92,6,CasualUK,gurdonbob
dm0zqs,Saw this cute little grass snake today in kent.,,https://i.redd.it/1u581mid8bu31.jpg,1571844898.0,110,0.96,20,CasualUK,Radwaymm
dm0yxh,My commute was a little Silent Hill this morning,,https://i.redd.it/5qio3mo38bu31.jpg,1571844807.0,497,0.97,31,CasualUK,Wikwawa
dm0yc0,Just moved back up North. Truly I am back with my people.,,https://i.redd.it/jz2uzz3w7bu31.jpg,1571844738.0,275,0.99,18,CasualUK,Crazyd943
dlzqd9,England sure has some amazing views,,https://i.redd.it/7nhit91mrau31.jpg,1571839262.0,810,0.97,42,CasualUK,r3tromonkey
dlzfls,Well that‚Äôs a fetish I never knew existed,,https://i.redd.it/88tjlhwfnau31.png,1571837858.0,333,0.99,44,CasualUK,TheCrunchyGroovster
dlz884,"7 years ago today, we lost Ceefax",,https://en.m.wikipedia.org/wiki/Ceefax,1571836864.0,73,0.92,18,CasualUK,HarryGoLocky
dlywih,Some people are just beyond help,,https://i.imgur.com/rpsCuzc.jpg,1571835312.0,1027,0.99,69,CasualUK,EBWasLeftOut88
dlyckh,Can‚Äôt say I‚Äôm overly impressed by the new flavour of Muller Light....,,https://i.redd.it/uv395pce7au31.jpg,1571832507.0,107,0.97,8,CasualUK,[deleted]
dly83s,"Brimham Rocks Yorkshire, not a bad walk!",,https://i.redd.it/cyvcwbul5au31.jpg,1571831884.0,242,0.99,6,CasualUK,5footbanana
dlxv4z,Someone is selling an authentic Japanese on Facebook marketplace.,,https://i.redd.it/11pvhtrnz9u31.png,1571829867.0,87,0.92,28,CasualUK,[deleted]
dlxum2,My local newspaper contains some absolute gems...,,https://i.redd.it/wlmvh0cbz9u31.jpg,1571829788.0,132,0.98,19,CasualUK,no1funkyguy
dlxfy3,The Queen's goth birthday,,https://i.redd.it/pzsj4ku7s9u31.png,1571827368.0,6973,0.98,200,CasualUK,JBCaptain
dlx9mt,Stockton-on-Tees this morning - Lovely North East England,,https://i.redd.it/jhxl38vpo9u31.jpg,1571826234.0,181,0.98,16,CasualUK,[deleted]
o0aze3,Keep It Handy üëÄ,,https://i.redd.it/25uu3fmune571.jpg,1623752342.0,216,0.95,46,CasualUK,pingusbeak
o09z49,"People can be so nice, they saw a lonely trolley and rectified the situation. Warms my heart it does üòç",,https://i.redd.it/2rz39h5ebe571.jpg,1623748155.0,111,0.95,15,CasualUK,Beatrix_-_Kiddo
o09srw,"I‚Äôve had a successful fortnight - got married, vaccinated, smashed a diploma exam and finished my husband‚Äôs wedding gift - a blanket showing all the places we‚Äôve been!",,https://i.redd.it/616hq1q69e571.jpg,1623747409.0,546,0.96,50,CasualUK,deviantmoomba
o09sc1,My mum takes pictures of mice in her garden - wanted to share,,https://i.redd.it/8lcembvv8e571.jpg,1623747351.0,378,0.99,10,CasualUK,goldenagechange
o09mv6,"A sign in Bonnybridge, UFO capital of‚Ä¶uh‚Ä¶Clackmannanshire",,https://i.redd.it/04tvwzky6e571.jpg,1623746660.0,1986,0.99,141,CasualUK,Hyzyhine
o0909t,I hate hayfever.,"Damn it. I prefer winter here in the UK. But the moment it reaches around mid April, my eyes start burning, the roof of the mouth is constantly itchy, non stop sneezing. I taken every medicine but nothing helps. Literally, nothing helps. I hate hayfever so much. Damn you pollens and dusts! I hate waking up with an itchy roof of the mouth. And don't forget the nose starts getting runny aswell which is the worst!",https://www.reddit.com/r/CasualUK/comments/o0909t/i_hate_hayfever/,1623743964.0,145,0.96,111,CasualUK,[deleted]
o08tcn,"Can we agree, lad on the right, bit of a legend?",,https://i.redd.it/4t7zkdffwd571.jpg,1623743118.0,13794,0.88,1012,CasualUK,ComprehensiveHornet3
o07obo,Update on the Richmond shopping basket sinkhole,,https://www.reddit.com/gallery/o07obo,1623738678.0,415,0.99,18,CasualUK,Fline8888
o02386,"I tell you what, BBC News, the houses in the 1850s look about how I'd expect... but the cars are a lot more advanced",,https://i.redd.it/uy7el53vyb571.png,1623719765.0,205,0.98,23,CasualUK,audigex
nzx2hj,"Walkers, what the hell is this?",,https://i.redd.it/2kdy9z9nqa571.jpg,1623704864.0,2344,0.99,230,CasualUK,insanechemistry
nzx1g3,Just saw this lil guy in the garden,,https://v.redd.it/2w1owmucqa571,1623704790.0,164,0.97,23,CasualUK,FloralRoseX
nzw95r,"This lad appeared in our local pub garden recently, we've decided to name him Ned.",,https://i.redd.it/md1ndgswja571.png,1623702727.0,269,0.98,15,CasualUK,Oceanlyric
nzv4ec,"Eight delicious, nutricious, scrumptious baclava for a fiver. Except it looks untidy so have 9 instead. Syrian bakery on Dalry Road. If you can, go there.",,https://i.redd.it/16579txdba571.jpg,1623699777.0,544,0.95,59,CasualUK,Cyanopicacooki
nzuai8,Stopped by a tree whilst cycling and saw this sign. History is everywhere!,,https://i.redd.it/w3icn7hx4a571.jpg,1623697550.0,198,0.99,18,CasualUK,CurlRackington
nztcrl,"That's it! I can't take anymore of it. I'm officially sick of Kevin Bacon and his EE adverts. They started off funny, smart even. Now they've just become insufferable. ""Don't be a Doug."" Fuck off! Please, EE - STOP IT NOW - to save his credibility, and our patience!!!",,https://www.reddit.com/r/CasualUK/comments/nztcrl/thats_it_i_cant_take_anymore_of_it_im_officially/,1623695103.0,279,0.93,81,CasualUK,Logan_D-Artagnan
nzsv5v,High force in Middleton teesdale,,https://i.redd.it/db6375wtt9571.jpg,1623693819.0,187,0.99,4,CasualUK,Bitchybabe81
nzs4p7,Just for putting the bin out.,,https://i.redd.it/oj6mcwiyn9571.jpg,1623691846.0,71,0.84,18,CasualUK,watch1out
nzqcj3,Spotted in a Swansea service station,,https://i.imgur.com/OImt2de.jpg,1623687135.0,114,0.95,55,CasualUK,Jaggedmallard26
nzq23g,"This is England. Salcombe, Devon, captured today",,https://www.reddit.com/gallery/nzq23g,1623686314.0,557,0.98,26,CasualUK,sn96c
nzpq7u,I never knew that these beauties live in UK until a few caterpillars we found in front of our house emerged into fluffy pink elephant hawk-moth.,,https://i.redd.it/oupn6ylr49571.jpg,1623685414.0,149,1.0,8,CasualUK,Demidroid
nzpepj,Tough job interview: I'm having kittens,,https://imgur.com/WEI8YxO,1623684572.0,87,0.95,1,CasualUK,ahrimaniac
nzp62m,"My son, felled an Ash tree, planked the wood and made me a table! I am thrilled and just need a new patio and wooden seating... love him ‚ù§",,https://i.redd.it/fcco27vg09571.jpg,1623683953.0,364,0.98,22,CasualUK,Acrobatic-Goat-940
nzo0q5,Come across this handsome chap on my walk today.,,https://i.redd.it/fx8wtqt8r8571.jpg,1623680841.0,200,0.97,11,CasualUK,MaxRamsey
nzm4f8,The BBC iPlayer desktop app volume control goes up to 11. This minor detail was very enjoyable to me.,,https://i.redd.it/lxe0ya0na8571.jpg,1623675255.0,318,0.93,47,CasualUK,Games_sans_frontiers
nzlmvg,Cracking views from the The Shard public loos,,https://i.redd.it/xxberd6w48571.png,1623673623.0,91,0.94,23,CasualUK,scouserdave
nzl5bq,Found this on a bench in Margate at the weekend.,,https://i.redd.it/flydmnym08571.jpg,1623671895.0,14875,0.98,152,CasualUK,lookthatwayplease
nzkirs,"Went to buy a cool box in anticipation of the forecast for Wednesday, and saw this blessed customer question",,https://i.redd.it/vr5acd51t7571.png,1623669573.0,399,0.98,10,CasualUK,o99o99
nzjy3z,Just a sheep on a hill,,https://i.redd.it/xoe2u5lzm7571.jpg,1623667334.0,146,0.98,11,CasualUK,DangerShart
nzjexm,"You guys seemed to like Saturn, so here‚Äôs Jupiter from 3 am this morning with four of its moons",,https://i.redd.it/5y8hs0jhg7571.jpg,1623665115.0,2178,0.99,57,CasualUK,cellokitty
nzj175,Throwback to when we got the chuckle brothers to throw up gun fingers,,https://imgur.com/e9g345X.jpg,1623663567.0,100,0.92,12,CasualUK,Inmodwetrust
nziwkk,Beautiful morning in paignton,,https://i.imgur.com/8mXMyha.jpg,1623662991.0,71,0.95,9,CasualUK,nagerb
nziuew,I see Bob has moved into dead animal disposal...,,https://imgur.com/01K8Zpv,1623662735.0,121,0.94,9,CasualUK,TheBaldWonder
nzie4f,"Me and my wife should have been married a year ago and be in Canada right now on our honeymoon. Due to covid, we had to re-arrange things. Ended up getting married and honeymooning this year in the Lakes instead and it was perfect! Snapped this one while we were walking around Derwentwater :)",,https://i.redd.it/5vnmls5z27571.jpg,1623660755.0,6428,0.97,123,CasualUK,100layeredlasagna
nzhunb,"Example of crown shyness, Towneley park, Burnley",,https://i.redd.it/b0vj2gw5w6571.jpg,1623658287.0,213,0.98,9,CasualUK,House-of-York
nzhtic,Spotted some satisfying clouds yesterday,,https://i.redd.it/b07iu0erv6571.jpg,1623658149.0,68,0.92,3,CasualUK,33nippels
nzhlhr,A bit of the Red Arrows from the weekend,,https://v.redd.it/t7pa31wrs6571,1623657168.0,2669,0.98,105,CasualUK,puzzledmidget
nzfxio,Felt like Indiana Jones when I unearthed these relics from my dad's shed.,,https://i.redd.it/1a88hfaj76571.jpg,1623650001.0,257,0.97,28,CasualUK,ThatMattDude81
nzeape,"Yip, makes cents [sic]",,https://i.redd.it/0rajhyz8p5571.jpg,1623643974.0,1432,0.97,136,CasualUK,Tangled_Wires
nzblnk,"Finally made a full breakfast after I left the UK for Indonesia because of Covid. Couldn't find black pudding here, though",,https://i.redd.it/h7cdars0z4571.jpg,1623635031.0,120,0.89,51,CasualUK,hasdunk
nz8ie0,Stretch!,,https://i.redd.it/7ryqocjn64571.jpg,1623625514.0,99,0.99,2,CasualUK,mhoulden
nz6jqr,Rosedale in North Yorkshire absolutely beautiful place,,https://www.reddit.com/gallery/nz6jqr,1623619916.0,75,0.98,11,CasualUK,size12jon
nz51ch,The view from my bedroom window this evening,,https://i.redd.it/88rqffbid3571.jpg,1623615687.0,306,0.98,10,CasualUK,FloralRoseX
nz4zmq,"Behold, the classic British stile. What would we do without them?",,https://i.redd.it/hkisxdrlc3571.jpg,1623615552.0,111,0.95,19,CasualUK,alloftheplants
nz4ygn,A buzzard enjoying the sun in Cornwall,,https://i.imgur.com/5GOrG5e.jpg,1623615462.0,96,0.99,7,CasualUK,_campo_
nz4ios,Essex police take firm stance on e-sxooters by crushing children that ride them,,https://i.redd.it/1mw3xqkc93571.jpg,1623614287.0,70,0.98,8,CasualUK,jammyscones
nz3iug,Anybody else watching the football on ITV Online?,,https://imgur.com/EWjIl03.jpg,1623611510.0,225,0.95,66,CasualUK,[deleted]
nz2vhi,Has there been a bumper crop of buttercups this year or have I just been oblivious to them in previous years?,,https://i.redd.it/5j7pb4kfv2571.jpg,1623609652.0,150,0.98,18,CasualUK,OneArmJack
nz2pxm,Unexpected item on my local selling page,,https://imgur.com/0G8CCkr,1623609194.0,94,0.97,24,CasualUK,funkyjim
nz25ul,"Went hiking, got lost but thankfully stumbled on a little village. Just waiting for the taxi now...",,https://i.redd.it/n213mt36p2571.jpg,1623607533.0,95,0.93,16,CasualUK,richardathome
nz259i,Enid Blyton needs to chill out with these newer stories,,https://i.redd.it/8vjzii43p2571.jpg,1623607487.0,9545,0.97,216,CasualUK,StunnedMoose
nz1qgs,It's not all bleak up here in the north east (Redcar),,https://i.redd.it/te6uthkql2571.jpg,1623606350.0,116,0.95,10,CasualUK,Yugnoswam_
nz0ube,"A National Covid Memorial Wall has been setup near the Houses of Parliament, if you are in London then why not pay it a visit. If you have lost someone to Covid-19, add them to the wall if you wish.",,https://i.redd.it/72v29abgd2571.jpg,1623603828.0,178,0.92,16,CasualUK,Sir_Phil_McKraken
nz0koq,Next door are having a bbq. Felix is waiting for an invite.,,https://i.redd.it/y18o0wk2c2571.jpg,1623603108.0,219,0.98,10,CasualUK,No_Elephant3224
nyzye7,Little casual bee bro chillin today,,https://i.redd.it/ovw9v2bz62571.jpg,1623601385.0,87,0.96,2,CasualUK,RippedYogieBear
nyzq6k,"Biddulph Grange, taken by me yesterday",[deleted],https://i.redd.it/umxdprp252571.jpg,1623600752.0,200,0.98,8,CasualUK,[deleted]
nyzpbg,Can't be too careful,,https://i.redd.it/0g21h5aw42571.jpg,1623600683.0,444,0.98,31,CasualUK,Public_esko
nyzm64,Marine 1 about to land at Windsor Castle,,https://i.redd.it/pywy51w642571.jpg,1623600447.0,69,0.93,3,CasualUK,oli_badger
nyzip8,Nothing like a West country pub,,https://i.redd.it/qrq5zj5d32571.jpg,1623600186.0,361,0.98,34,CasualUK,Demsale
nyz664,This Rupert Bear remake is weird,,https://i.redd.it/r8j753lo02571.jpg,1623599268.0,57,0.92,2,CasualUK,uptheanti3030
nyympf,You having a fuckin laugh there?,,https://i.redd.it/ucge4isvx0571.png,1623597785.0,735,0.98,46,CasualUK,CleaningBeret83
nyygv2,Go on liz,,https://v.redd.it/ov53effs21571,1623597329.0,2479,0.96,258,CasualUK,britishbrandy
nyydhs,"Because of a stupid trend that spawned in America, I now have to deal with an American-Proof lock everytime I want to wash my clothes.",,https://www.reddit.com/gallery/nyydhs,1623597068.0,706,0.93,115,CasualUK,ayleustrendster
nyxt5q,Took an injured crow in this weekend.,,https://i.imgur.com/cBcxTF5.jpg,1623595481.0,210,0.99,22,CasualUK,MrBen1980
nyx9r5,I've never been more proud to be from Sheffield,,https://i.redd.it/005p9lzik1571.jpg,1623593833.0,801,0.97,24,CasualUK,hedonism_bot_3012
nyx6zk,Majestic,,https://i.imgur.com/p8yHNx2.jpg,1623593586.0,127,0.97,8,CasualUK,MotherfuckingJoy
nwz7vm,I took this photo today on a walk no filter just unadulterated Warwickshire,,https://i.redd.it/272v9be6ci471.jpg,1623360997.0,1316,0.99,62,CasualUK,fuckety_byebye
nwxhpf,When you ask a Geordie what wine cellars are for‚Ä¶,,https://i.redd.it/kbub14f1zh471.jpg,1623356575.0,9931,0.99,137,CasualUK,Winnie_the_Pooch
noygb1,Heading back to the movies: US v UK,,https://i.redd.it/jsy6qg9l2f271.jpg,1622449753.0,90157,0.91,4131,CasualUK,InappropriateDave
mk5jn6,Sun was out in Ramsgate today. Here‚Äôs a photo of a man feeding his dog a Mr Whippy.,,https://i.redd.it/msu7eues78r61.jpg,1617572428.0,278,0.98,17,CasualUK,mikeh117
mk2m3u,"Pizza on the beach, it's what Jesus would have wanted.",,https://i.redd.it/wyy06ldpg7r61.jpg,1617563316.0,29981,0.91,789,CasualUK,wilof
m4gg6x,Just a squirrel eating a Cornetto. Nothing to see here.,,https://i.imgur.com/DKIsKsl.jpg,1615672530.0,1036,0.99,46,CasualUK,magicmike87
ly9i7g,As my old Dad used to say...,,https://i.redd.it/v0582byly6l61.jpg,1614942166.0,196,0.97,21,CasualUK,MellotronSymphony
ly8yhg,Hot Fuzz IRL,,https://v.redd.it/l61hotu4r6l61,1614939649.0,189,0.98,26,CasualUK,DeerfoxD
ly80li,"Should I press it , I do need the lights on but I don't want to die doing it",,https://i.redd.it/b4utpawae6l61.jpg,1614935313.0,213,0.97,51,CasualUK,D1rtymaca1
ly7pir,Are they still Jaffa Cakes if they're passion fruit or cherry?,,https://i.redd.it/o88l7kmca6l61.jpg,1614933985.0,79,0.95,79,CasualUK,Florae128
ly7kq2,Hero!,,https://i.imgur.com/cHdD5fA.gifv,1614933368.0,13688,0.96,250,CasualUK,PyroPrirate
lxz6qb,My local Chinese take away sells both pineapple *and* banana filters.,,https://i.redd.it/yfp8pqdap3l61.jpg,1614902785.0,65,0.95,15,CasualUK,Dialup2000
lxydht,Met this handsome guy on my walk earlier.,,https://v.redd.it/p9g27t8zh3l61,1614900304.0,173,0.96,22,CasualUK,missblondemeow
lxxpkj,Someone ordered a burger in Nando's with 50 slices of cheese.,,https://www.reddit.com/gallery/lxxpkj,1614898386.0,309,0.98,65,CasualUK,ekarshi
lxwft0,Why don't we put all UK households on a single Admiral Multicover policy,"Also, how much money could we save?",https://www.reddit.com/r/CasualUK/comments/lxwft0/why_dont_we_put_all_uk_households_on_a_single/,1614894784.0,274,0.96,46,CasualUK,plunged_ewe
lxwf20,I'd know him a mile away and that is not George Michael!,[deleted],https://v.redd.it/e59awvri13l61,1614894726.0,124,0.98,16,CasualUK,[deleted]
lxwc1t,If I had a time machine I wouldn't use it to go to Pets at Home on a Thursday evening during a pandemic.,,https://i.redd.it/srab3gvu03l61.jpg,1614894492.0,426,0.98,52,CasualUK,vaguebyname
lxvnmn,Public service announcement: Tunnocks caramel wafers now come in tubs!,,https://i.redd.it/0xtnhft9v2l61.jpg,1614892594.0,2016,0.98,146,CasualUK,rasarota
lxuxwt,Simon Cowell now looks like Sacha Baron Cohen playing Simon Cowell,,https://i.redd.it/nr7gx4ibq2l61.jpg,1614890927.0,85,0.88,19,CasualUK,T_reepeat
lxu7fb,"As a postie I'll go above and beyond for you, but this, this is new.",,https://i.redd.it/g1n7i3d5b2l61.jpg,1614889266.0,686,0.99,38,CasualUK,adamski77
lxtvpk,And everybody knows....,,https://i.redd.it/ecf5h2zxi2l61.jpg,1614888446.0,86,0.93,24,CasualUK,wavywolf86
lxsblo,Anyone else been licked as part of their COVID test? Thought it was a bit weird.,,https://i.redd.it/91svko8572l61.jpg,1614884479.0,111,0.94,14,CasualUK,gi4ntl0g
lxrii5,Made a new friend today,,https://i.redd.it/xw8bgput02l61.jpg,1614882378.0,448,0.97,60,CasualUK,The_stoat
lxr3fz,Defeated the Currys chatbot and spoke to a real human!,,https://i.redd.it/a3yygvjpx1l61.png,1614881309.0,10099,0.98,241,CasualUK,ggd_x
lxr1lk,"Browsing my local Facebook Marketplace, I hope this been washed. Dread to think what it would look like under a black light.",,https://i.redd.it/1u3f872ew1l61.jpg,1614881179.0,62,0.86,9,CasualUK,Bamboo_Steamer
lxqwgk,"Me neither lads, me neither.",,https://i.imgur.com/b01v8qS.jpg,1614880833.0,226,0.98,6,CasualUK,suitablyuniquename
lxpv24,Zoom in below the Middlesbrough badge for an epic disclaimer,,https://i.redd.it/4ab4rpo2p1l61.jpg,1614878407.0,241,0.98,20,CasualUK,biddleybootaribowest
lxpml9,What is the most overrated food item that you absolutely hate?,"For me it's creme eggs - they are just pure disgusting sugar syrup in chocolate.

Edit: Marzipan as well. Disgusting",https://www.reddit.com/r/CasualUK/comments/lxpml9/what_is_the_most_overrated_food_item_that_you/,1614877813.0,99,0.89,293,CasualUK,ReadingThisIsBad4u
lxoz0n,Louis Theroux is so fucking class it's almost a joke.,"I don't have any particular insight to share in this post, but I've been going through Louis Theroux's older documentaries just for something to watch, and even his older programmes on celebrities that are no longer relevant still strike true and have something to say.  His most challenging programmes are those that end up helping you become a little less ignorant about the world we live in, sharing the humanity of people we might often distance ourselves from as a self-preserving measure.

Everyone loves Attenborough for extremely clear and justified reasons, but damn, Theroux has to be on his level in terms of how much of a national treasure he is.

I don't really have anything more to add, I just wanted to express my huge appreciation I've felt as of late.",https://www.reddit.com/r/CasualUK/comments/lxoz0n/louis_theroux_is_so_fucking_class_its_almost_a/,1614876191.0,252,0.92,91,CasualUK,[deleted]
lxowwy,"Anyone else have an irrational hatred for certain kids characters? My son is currently obsessed with Bing, and this little scrote just grinds my gears. Find myself muttering angrily every time he's on screen. Parenting madness; this is what I have been reduced to...unbridled anger at a cartoon Panda",,https://i.redd.it/bt3rl4g2i1l61.png,1614876045.0,67,0.94,53,CasualUK,NotQuiteAsCool
lxokzz,"My mum describing this gateway: ""of course that's a recent addition"" - 1777! I mean she's not wrong, related nearby castle was from the 14th century but it's crazy when you hear Americans talking about historic houses from the 1900s and my mum's sniffing at newcomers in the 1770s!",,https://i.redd.it/a7kw9bwpf1l61.jpg,1614875257.0,509,0.97,64,CasualUK,Samsons_girl
lxmhsk,I guess we all need a fix down there,,https://i.imgur.com/GhmHAlC.jpg,1614870271.0,65,0.89,15,CasualUK,AvailableZebra
lxlt32,Daily Mail called it,,https://i.redd.it/b22q3xq6v0l61.jpg,1614868368.0,485,0.99,83,CasualUK,Maff17
lxldts,"Spread dogs, not hate. Bournemouth, UK",,https://i.imgur.com/9v4JLcg.jpg,1614867123.0,4471,0.98,149,CasualUK,nonahodge
lxks6m,So Amazon Fresh opened in the UK today. The irony of the sign (swipe to see),,https://www.reddit.com/gallery/lxks6m,1614865405.0,78,0.91,33,CasualUK,Khalid147
dlwnnd,Tesco with the absolute joke food.,,https://i.redd.it/bwyrdbonc9u31.png,1571822134.0,1309,0.99,141,CasualUK,Vhsrex
dlwggc,"Found this on Facebook, it's deeply unsettling",,https://i.redd.it/yo2jlapm89u31.jpg,1571820769.0,8087,0.95,115,CasualUK,ChaosInTheWindyCity
dlvx9f,Got a triple Shreddie today. Life can be generous sometimes!,,https://i.imgur.com/5nOLbpu.jpg,1571816808.0,487,0.98,22,CasualUK,thats_my_chicken
dlvsv2,Has anyone had Coco Pops recently?,"I've loved Coco Pops my whole life, I've always been loyal to Coco Monkey too - never straying to own brand versions of his sacred cereal. I remember fondly when we were losing in the final of the Jungle World cup and Coco Monkey poured Coco Pops and milk into the trophy to galvanise his team's spirit. Crafty Croc and his team were winning 10-0 (great use of Rhinos as midfield enforcers) but Coco Monkey managed to win the game 11-10 in the end by using Coco Pops as a rallying cry to motivate his team. (It has been discussed since that this game actually made a mockery of the Jungle World Cup and that a team who were 10-0 down at half time really shouldn't have progressed to the final stages. Deploying Hippos as centre backs quickly went out of fashion after this televised game)

I stopped eating Coco Pops for a while when I reached my 30s, I was newly married and wanted to show my wife that I was the sort of modern gentleman who had kippers, percolated coffee and a copy of the FT at breakfast time. But this week I've been at home with a stinking cold and returned to my old pal Coco Monkey for sustenance for the first time in years. 

Friends, what has happened to Coco Pops? Where once they were a noble mountain of dusky choco goodness, now they are a slag heap of tasteless gruel. I can only assume that Crafty Croc has somehow interfered with the recipe (or that modern standards about how much sugar you can put in breakfast cereal have changed). Alas, one of British life's noblest aspects is no more. I'm off to the supermarket now to check if Sugar Puffs are still decent now that the Sugar Puffs Monster no longer plays in goal for Newcastle United. 

[Highlights of the Jungle World Cup final](https://www.youtube.com/watch?v=llWLqtnK0M0)",https://www.reddit.com/r/CasualUK/comments/dlvsv2/has_anyone_had_coco_pops_recently/,1571815936.0,160,0.96,74,CasualUK,EdgarAetheling
dlvqvx,A Northerner who spells phonetically made this,,https://i.redd.it/grk36xqba5u31.jpg,1571815564.0,432,0.96,30,CasualUK,slothygon
dlvo7s,This belongs here,,https://v.redd.it/z9fry3s9q4u31,1571815067.0,1937,0.98,53,CasualUK,[deleted]
dlvnvm,I found another poster with tea as the measurement,,https://i.redd.it/wesrndtdr8u31.jpg,1571815001.0,124,0.97,19,CasualUK,TFR-iwanttodie
dlvlra,That's a name I've not heard in a long time.,,https://i.redd.it/9zppwpptp8u31.jpg,1571814575.0,138,0.96,50,CasualUK,MisoRamenSoup
dlqbly,First time seeing the Westminster Abbey up close. The architecture is truly something else.,,https://i.redd.it/u7mh3c9gd6u31.jpg,1571786072.0,61,0.95,5,CasualUK,primetimepaper
dlpwwj,Witnessed a rare discovery of more than one till open at my local Lidl today,,https://i.redd.it/9zc1upy686u31.jpg,1571784301.0,84,0.92,8,CasualUK,Rubber-Ducker
dlpczj,Just blew my mind thinking other countries probably don't have the Welsh flag on their Tesco bags,,https://imgur.com/Nma3tWb,1571781978.0,170,0.96,56,CasualUK,ILIKEdeadTURTLES
dlp3u0,Railway tunnel buried in the great UK landscape,,https://i.redd.it/7m01v266y5u31.jpg,1571780947.0,148,0.99,22,CasualUK,giffbex
dlolvm,The Engineering Masterpiece that is the Menai Bridge,,https://i.redd.it/o3llnxj5s5u31.jpg,1571778916.0,68,0.96,8,CasualUK,OddChair
dlogok,Going for a piss in spoons and noticed this bit of stray toilet paper looked like a little seahorse,,https://i.redd.it/gkuxgj3fq5u31.jpg,1571778326.0,182,0.92,17,CasualUK,Orm_Embar
dlnsha,Wild camping in a bivvy bag,,https://i.redd.it/fqpjnxzei5u31.jpg,1571775638.0,61,0.92,36,CasualUK,NotParticularly278
dlmvn6,Just Ben from Dover on ‚Äúsaving lives at sea‚Äù,,https://i.redd.it/ymq6922o75u31.jpg,1571772020.0,161,0.99,11,CasualUK,backsnipe89
dlmm78,Thought this might come in handy on Sunday!,,https://i.redd.it/uq2w781k45u31.png,1571770972.0,17122,0.95,302,CasualUK,ordinarybloke1963
dlmjqv,I just got a conditional offer from the University of York! üéâ,[deleted],https://i.redd.it/sya54tsr35u31.png,1571770707.0,2063,0.86,268,CasualUK,[deleted]
dlmdw8,In Bolton you're not allowed to play on equipment trollies.,,https://i.redd.it/p87rrbkj15u31.jpg,1571770049.0,58,0.93,14,CasualUK,ParrotofDoom
dllv0b,Welcome to Fairfield.,,https://i.redd.it/w5ow1kwgv4u31.jpg,1571767918.0,138,0.99,10,CasualUK,beeshbash
dll301,Job Interviews,"When you gone to the effort of attending an interview, done your research on the company. Conducted yourself in a professional manner, why won‚Äôt the company at least email you with a rejection. I‚Äôm not even looking for feedback. to me, if I‚Äôve got this far, the least you can do is let me know I haven‚Äôt got the job. It‚Äôs so incredibly rude! It‚Äôs not even the one off, it seems to be the norm now?!",https://www.reddit.com/r/CasualUK/comments/dll301/job_interviews/,1571764755.0,76,0.98,35,CasualUK,Crazyblondie11
dll18c,Train view felt more like that of a plane this morning. (Fog on Brighton-Gatwick line).,,https://i.redd.it/1pk6y41il4u31.jpg,1571764566.0,102,1.0,3,CasualUK,metalthunder84
dll0nw,"Is it me, or has ‚ÄúThe Simpsons‚Äù been on at 6:00PM on Channel 4 since the dawn of time?",[deleted],https://www.reddit.com/r/CasualUK/comments/dll0nw/is_it_me_or_has_the_simpsons_been_on_at_600pm_on/,1571764498.0,420,0.97,128,CasualUK,[deleted]
dlkt81,"Anyone else have a video of their own when they were a kid, to record stuff off the telly? Probably some great morning cartoons and vintage CBBC on here.",,https://i.redd.it/mzi562fui4u31.jpg,1571763674.0,285,0.98,67,CasualUK,kumran
dlkjq6,Jazz hands,,https://i.redd.it/8532mpuff4u31.jpg,1571762527.0,685,0.98,13,CasualUK,becauseofitall
dli3c2,"We can keep it by our ""Threads"" fridge magnet set",,https://imgur.com/uHQqdvS,1571751634.0,50,0.93,21,CasualUK,goldfishpaws
dlgnxi,Walking around the office and people have been buying weird things from the internet.,,https://i.redd.it/lm5x9qy6x2u31.jpg,1571744316.0,88,0.95,22,CasualUK,Wonderful_Ninja
dlfyej,"July 1899: young man gets a sound thrashing from a Bolton lass, who used her fists ""in a scientific fashion""",,https://i.redd.it/43xplyzgk2u31.jpg,1571740004.0,700,0.99,69,CasualUK,Yachting-Mishaps
dlfbje,I‚Äôm not sure how to describe what I saw last night at Euston Square station...,,https://v.redd.it/9zr88t8j72u31,1571735662.0,134,0.98,35,CasualUK,okaybutfirstcoffee
dlf81v,The M√ºller lorry was leaking milk.,,https://i.redd.it/orzsoz0l52u31.jpg,1571734997.0,99,0.98,15,CasualUK,SomewhatMarigold
dlf1z6,Rush Hour Crush just gets weirder,,https://imgur.com/Tpd04El,1571733749.0,115,0.96,6,CasualUK,SquireBev
dlex0p,Talk about taking the piss..,,https://v.redd.it/obomj0uky1u31,1571732666.0,401,0.96,40,CasualUK,Diffleroo
dlerur,High street relics,,https://imgur.com/L5tcpgS,1571731555.0,59,0.94,14,CasualUK,minionk
dlentw,Brisk and Beautiful Bournemouth this morning,,https://i.redd.it/b43lynw0t1u31.jpg,1571730775.0,284,0.98,11,CasualUK,SouthCoaster68
dlenja,One of my kids couldn't be arsed,,https://i.redd.it/wtpi2omus1u31.jpg,1571730715.0,19674,0.95,218,CasualUK,brookfresh
dle3hd,It seems my town centre of Stockton On Tees can look quite nice on early mornings.,,https://i.redd.it/vu3ingl3i1u31.jpg,1571727101.0,241,0.94,55,CasualUK,ExtendedCelery
dldw99,Sunrise from my house,,https://i.redd.it/bm0zmknce1u31.jpg,1571725841.0,63,0.91,9,CasualUK,andytheapplelover
dldv2s,My partner picked up a demon onion from Lidl,,https://imgur.com/TKM2ru4.jpg,1571725640.0,284,0.95,26,CasualUK,[deleted]
dlds97,Amazing sunrise in Durham,,https://i.redd.it/4blecw7cc1u31.jpg,1571725165.0,148,0.96,4,CasualUK,scraplog
dl96a2,"No, Mr TV license inspector... that's not a television, it's a ""TV Light Simulator""",,https://i.redd.it/cwmstk3bjyt31.jpg,1571701595.0,105,0.96,14,CasualUK,KraftPunked
dl7ct4,Went out to read the gas meter and noticed this little fella just chillin by the front door,,https://i.redd.it/ejd9x24kqyt31.jpg,1571693632.0,195,0.98,28,CasualUK,PM_ME_UR_AUDI_TTs
dl7c4e,Had every SINGLE Bus in the UK got this pattern?,[deleted],https://i.redd.it/r0endilvrwt31.jpg,1571693562.0,216,0.98,20,CasualUK,[deleted]
dl6v71,"Can't tell you whether it's a delicacy or a monstrosity, but it's certainly not fekkin traditional.",,https://i.redd.it/r0pchlslkyt31.jpg,1571691620.0,109,0.95,41,CasualUK,[deleted]
dl5ui9,Not even a train line I use. Result! Choo Choo!,,https://i.redd.it/bcz7rrnu7yt31.jpg,1571687335.0,107,0.97,13,CasualUK,metalthunder84
dl5e7q,We can have beautiful mornings here,,https://i.redd.it/j24zsvo72yt31.jpg,1571685436.0,62,0.96,1,CasualUK,Blue_IrisS
dl4st5,Things you absolutely fucking love to see! Little old Chi City are through to the FA Cup 2nd round!,,https://i.redd.it/pz7q4gttuxt31.jpg,1571682954.0,86,0.95,20,CasualUK,LondonDude123
dl4si0,Been told to post this here! Enjoy :),,https://i.redd.it/0uzpt85xzwt31.jpg,1571682915.0,164,0.96,13,CasualUK,holmsey8700
dl4qgc,Happy Halloween (OC) 12 year old daughter made it,,https://i.redd.it/ze4gqcy0uxt31.jpg,1571682684.0,140,0.83,7,CasualUK,varnijain
dl48qp,Found this on a dog walk,,https://i.redd.it/y5lww1kqnxt31.jpg,1571680572.0,138,0.99,6,CasualUK,TheLonelyHog
dl44y6,When you're giving a quote but stub your toe half way through,,https://i.redd.it/a8cszaa5mxt31.jpg,1571680108.0,622,0.98,29,CasualUK,Simon_1892
dl3lda,May not be the fashionable Joker right now but God damn it's the truth.,,https://imgur.com/ICBkpzb.jpg,1571677758.0,991,0.97,48,CasualUK,26326312
dl34xe,Found an Underground rainbow tonight,[deleted],https://i.redd.it/fp9q1z0n9xt31.jpg,1571675827.0,73,0.94,8,CasualUK,[deleted]
dl2vws,"A new ¬£25m surfing lake is opening near Bristol, and who gets to ride the first ever wave? A bloody Swan.",[deleted],https://www.reddit.com/r/CasualUK/comments/dl2vws/a_new_25m_surfing_lake_is_opening_near_bristol/,1571674777.0,51,0.94,12,CasualUK,[deleted]
dl2v9f,He‚Äôs barking mad about football,,https://i.redd.it/aky7xqta6xt31.jpg,1571674703.0,640,0.98,17,CasualUK,NeveForSpeed
dl2rhb,"Looking at the kids dessert menu in the pub, so glad to see they‚Äôre still doing these little pots of ice cream in the shape of a character. Anyone else remember these from their childhood?",,https://i.redd.it/l31ncc9y4xt31.jpg,1571674278.0,48,0.93,22,CasualUK,[deleted]
dl1584,I fought the mouse! Say hello to Smike the field mouse who was living in my bathroom.,,https://i.redd.it/3a4t9vgxjwt31.jpg,1571667179.0,168,0.96,28,CasualUK,vbloke
dl0c65,"A while ago I posted here about passing my Life in the UK test. Today, I post as a fellow British citizen. Tomorrow... I will post about the weather and my tea!",,https://i.redd.it/vkigev6x8wt31.jpg,1571663479.0,17861,0.93,764,CasualUK,Monskimoo
dkzwco,Driving Colchester‚Äôs magic roundabout.,[deleted],https://v.redd.it/ct1u8upd2wt31,1571661342.0,128,0.96,28,CasualUK,[deleted]
dkz1d1,Apparently this is 1st class post!,,https://i.imgur.com/WuWgQyA.jpg,1571656737.0,59,0.85,39,CasualUK,bubble085
dkyiib,Is there some kind of weird psychology behind this thing where someone posts negatively about a business on Facebook and the world and his mother automatically believe it and pile on?,[deleted],https://www.reddit.com/r/CasualUK/comments/dkyiib/is_there_some_kind_of_weird_psychology_behind/,1571653650.0,58,0.93,36,CasualUK,[deleted]
dkyavk,"Found this monstrosity on top of the microwave at work today. Yes, that's a stirring pencil.",,https://i.redd.it/ch368mlubvt31.jpg,1571652356.0,214,0.99,66,CasualUK,qrrrrr
dkxkqa,Got a reminder it's Monday today..,,https://imgur.com/RB3IcEz,1571647561.0,92,0.97,17,CasualUK,t3hOutlaw
dkx61j,Someones posing as Purple Aki in Rush Hour Crush,[deleted],https://imgur.com/fgQgjhW.jpg,1571644712.0,511,0.98,97,CasualUK,[deleted]
dkwy34,Autumn is here Sheep on the line,,https://i.redd.it/q284pl1okut31.jpg,1571643221.0,298,0.99,28,CasualUK,fuckety_byebye
dkwjcf,Someone‚Äôs never been to Luton...,,https://i.redd.it/9zu02d0qcut31.jpg,1571640543.0,8263,0.97,340,CasualUK,Igat12
dkrr81,One of the few photos I have left from my childhood. Me with a giant pikachu at butlins.,,https://i.redd.it/19tw3km96st31.jpg,1571614157.0,116,0.97,9,CasualUK,rosstafa1
dkriyy,There‚Äôs no place like home,,https://i.redd.it/jygi7ep13st31.jpg,1571613075.0,85,0.98,5,CasualUK,eager-beaver-123
dkr7d9,A well dressed gentleman in London selecting reading material for next week,,https://i.redd.it/vs1hnpdiyrt31.jpg,1571611550.0,114,0.97,18,CasualUK,Dirty_Gibson
dkq964,Studying defence against the dark arts! Welcome to my uni,,https://i.redd.it/8d8iu1colrt31.jpg,1571607233.0,92,0.87,13,CasualUK,sugarhoneyiceandteaa
dkpuhw,This picture was taken around the Derby area inside an old abandoned factory by two of my coworkers who love urban explorations. I've decided to bump up the shadows and exposure since it was too dark and we were shocked to find out there was some kind of a figure lurking behind the door (top img),,https://i.redd.it/1w11ctoegrt31.jpg,1571605465.0,51,0.76,31,CasualUK,StronkBushman
dkpk5z,Marble bars were amazing and need to make a comeback,,https://i.redd.it/o5n227xvcrt31.jpg,1571604277.0,111,0.95,20,CasualUK,keterpillar
dkpgrz,Visited north Wales a couple of weeks ago. Didn't know it was going to be so stunning.,,https://i.redd.it/t152s4rpbrt31.jpg,1571603888.0,145,0.99,24,CasualUK,crypto4chipto
dkouz3,Which Advert actively makes you hate the product it advertises?,"I‚Äôll start off with a couple:

‚ÄúDID SOMEBODY SAY JUST EAT?‚Äù - actually, no. Nobody said Just Eat. They said ‚Äòtakeaway‚Äô

Sun Bingo and that annoying woman / song - to be fair I don‚Äôt like The Sun anyway but that makes me hate it more.

And an oldie - Safestyle UK ‚ÄúYA BUY ONE YA GET ONE FREE‚Äù",https://www.reddit.com/r/CasualUK/comments/dkouz3/which_advert_actively_makes_you_hate_the_product/,1571601369.0,80,0.96,127,CasualUK,aseddon130
dkodna,"Did 3 peaks today, the view from ingleborough was quite nice",,https://i.redd.it/9rvr6crfyqt31.jpg,1571599418.0,122,0.96,18,CasualUK,GoldArrow997
dknnuy,Stepped up the shoplifting deterrent in Poundworld,,https://i.redd.it/84t4jnespqt31.jpg,1571596510.0,120,0.97,19,CasualUK,growwwwler
dkne93,Ipswich Fans showing real class at Accrington Stanley today showing a banner of support for an Accrington Stanley player who hasn't played all season due to depression,,https://i.redd.it/w87kao6fmqt31.jpg,1571595412.0,7710,0.99,143,CasualUK,KamikazeChief
dkn6l7,Buses that get it!,,https://i.redd.it/jrwgivhf8ot31.jpg,1571594554.0,101,0.94,5,CasualUK,spLint3r990
dkmrq7,Exploring the New Forest today in search of pigs. We found a lot of cows and ponies but no pigs yet!,,https://i.redd.it/ykvo454leqt31.jpg,1571592798.0,70,0.98,12,CasualUK,stevierar
dkmh4h,Kinda pretty lake from my visit home this weekend,,https://i.redd.it/xlfmsf9xaqt31.jpg,1571591511.0,133,0.96,5,CasualUK,endangeredpenguin
dkmg27,Another day in Yorkshire after some rain and another wannabe ignoring the obvious depth markers...,,https://i.redd.it/85el3oviaqt31.jpg,1571591375.0,116,0.97,22,CasualUK,Elgarr2
dkmfb4,"Gatekeeping is ok, I guess",,https://i.redd.it/9myrozc8aqt31.jpg,1571591277.0,176,0.87,38,CasualUK,The-RealElonMusk
dkm4hb,Now the nights are cooler I thought I'd wear a little extra something in bed to stay warm. Caught myself in a long mirror... Expectation vs reality.,,https://i.imgur.com/cfbTcQn.jpg,1571589953.0,234,0.96,9,CasualUK,NoelofNoel
dklvl7,"Mount Edgcumbe House earlier today, Cornwall, near Plymouth",,https://i.imgur.com/Q2INV2q.jpg,1571588858.0,62,1.0,4,CasualUK,rlr123456789
dklrrz,Is it just me or is that Deliveroo advert incredibly annoying.,"Seriously, what family has about ¬£600 spare for that order just for it to turn up cold and soggy.",https://www.reddit.com/r/CasualUK/comments/dklrrz/is_it_just_me_or_is_that_deliveroo_advert/,1571588389.0,75,0.96,35,CasualUK,InsertWittyNameRHere
dklknt,Only in Britain,,https://i.redd.it/bqme207yypt31.jpg,1571587490.0,163,0.96,9,CasualUK,TFR-iwanttodie
dkle4e,Following on from that Lambeth Council leaflet posted here the other day,,https://v.redd.it/9texzgk9wpt31,1571586675.0,95,0.93,9,CasualUK,realolifrost
dkl3tr,I recreated a famous Edinburgh graveyard (Greyfriars Kirkyard - Covenanters Prison) in Far Cry 5!,[deleted],https://i.redd.it/km9aruikspt31.jpg,1571585397.0,170,0.97,32,CasualUK,[deleted]
dkkcm2,Good ol' Sunday Roast.,,https://i.redd.it/2n2zyxbdipt31.jpg,1571581910.0,635,0.96,84,CasualUK,[deleted]
dkkc7c,UK candy sighting in NY,,https://i.redd.it/wfd0bb97ipt31.jpg,1571581852.0,123,0.86,42,CasualUK,[deleted]
dkjiqw,Anyone else got a signed copy of The Bible? Didn't think so,,https://i.redd.it/q7b3vt3k5pt31.jpg,1571577625.0,326,0.98,34,CasualUK,MellotronSymphony
dkih69,Classic Sunderland,,https://v.redd.it/2ne53p0gmot31,1571571181.0,192,0.98,16,CasualUK,KantankaAutomobiles
dkiafd,Rainy sunset at Gatwick from last weekend,,https://i.redd.it/gma52ivmiot31.jpg,1571569890.0,66,0.97,6,CasualUK,sudo_systemctl
dki30g,Just found this absolute banger of an album whilst having a clear out!,,https://i.redd.it/giq2ez7geot31.jpg,1571568488.0,171,0.94,17,CasualUK,ThePoundDollar
dki1f6,Finally learned Mr Matalan's first name,,https://i.imgur.com/2QeFklK.jpg,1571568183.0,148,0.97,5,CasualUK,p0stymcp0stface
dkhwc2,Noticed this glitch in the matrix in spoons last night,,https://i.redd.it/c6038spdaot31.jpg,1571567148.0,2088,0.98,71,CasualUK,Becausetoast
dkhrha,My nan give me this and now Costa can sod off!,,https://i.redd.it/8j33bgpl7ot31.jpg,1571566185.0,204,0.96,82,CasualUK,AntiSocialMackerel
dkhkl7,Northerners we are one,,https://i.redd.it/ww6wzrak3ot31.jpg,1571564835.0,223,0.98,25,CasualUK,wilsonator501
dkh67w,Paella pan finally coming in handy,,https://i.imgur.com/h5x9Re5.jpg,1571561842.0,1707,0.97,122,CasualUK,trentonchase
dkgz84,"Dropped my crumpet over my cup of tea and thought I'd lost it, turns out I'm rather lucky today",,https://i.redd.it/j1se4a35qnt31.jpg,1571560351.0,13255,0.94,366,CasualUK,tetsuya11
dkgthg,One of the most therapeutic places for me,[deleted],https://i.redd.it/o2e6zculmnt31.jpg,1571559120.0,247,0.97,24,CasualUK,[deleted]
dkgm0p,The Malvern Hills are pretty cool!,,https://imgur.com/hJdBxM2,1571557470.0,57,0.93,4,CasualUK,jailb
dkgcke,Best time of the day. Swans out on the Thames in the early morning,,https://live.staticflickr.com/65535/48927341188_a47e7746e6_k.jpg,1571555490.0,367,0.96,9,CasualUK,scouserdave
dkfylz,View of Tower Bridge from the Tower of London.,,https://i.redd.it/sow2d0453nt31.jpg,1571552617.0,5999,0.97,58,CasualUK,[deleted]
dkasfr,Not really what you want to see at 5am when you wake up with the fear .,[deleted],https://i.redd.it/ybfplwx1rkt31.jpg,1571524293.0,106,0.98,11,CasualUK,[deleted]
dkas01,Seen a lot of plane photos so here is one of Liverpool after coming home yesterday.,,https://i.redd.it/ceenli1vqkt31.jpg,1571524230.0,56,0.89,32,CasualUK,w_explosions
dkaknd,I‚Äôm aware of all the non British members of this sub so I thought I‚Äôd share this particularly British block of flats.,,https://i.redd.it/7og5irvznkt31.jpg,1571523265.0,99,0.93,30,CasualUK,underscorelana
dka9w7,Bloody hell that's unfortunate,[deleted],https://i.redd.it/hu350dtsjkt31.jpg,1571521853.0,52,0.84,0,CasualUK,[deleted]
dk9g6s,Foggy morning in Wildboarclough near macclesfield,,https://imgur.com/p8wIMfN,1571517965.0,53,0.97,5,CasualUK,lewy1981
dk9fka,What's the British equivalent of the American flag worship/wanking?,[removed],https://www.reddit.com/r/CasualUK/comments/dk9fka/whats_the_british_equivalent_of_the_american_flag/,1571517874.0,114,0.85,115,CasualUK,extra_specticles
dk9dj4,Rainbow in Shakespeare's hometown,,https://i.redd.it/xa6t7sm67kt31.jpg,1571517613.0,61,0.95,10,CasualUK,yrurunnin
dk9ccf,I was today years old when I learnt that ITV news is film in front of a green screen!,,https://i.redd.it/6sz4wl4r6kt31.jpg,1571517466.0,61,0.85,10,CasualUK,Harr_Bathtub
dk8hdy,Moved to Somerset just over a year ago from London. God I love this place!,,https://i.redd.it/kz3su0i1vjt31.jpg,1571513528.0,297,0.99,22,CasualUK,gav_net
dk8f7g,Found this relic on the beach this morning. Sending it to the British Museum...,,https://i.imgur.com/wV53ypH.jpg,1571513232.0,51,0.96,6,CasualUK,CMDaddyPig
dk8eaq,"Sunrise at Cawfields Quarry, Northumberland National Park",,https://i.redd.it/rk4he2astjt31.jpg,1571513107.0,65,0.95,0,CasualUK,[deleted]
dk8cmy,Surfs up! (UK),,https://i.redd.it/itlpzl06tjt31.jpg,1571512897.0,1609,0.99,61,CasualUK,ST86X
dk7a0z,It's kicking off up the main street,,https://i.redd.it/u5ahvelpejt31.jpg,1571508036.0,135,0.98,20,CasualUK,birdcages7
dk7149,Spotted in ASDA kids clothes section...so is this unicorn talking out if it's arse?,,https://i.redd.it/rbhu9h4gbjt31.jpg,1571506941.0,71,0.92,9,CasualUK,picard47at
dk61ho,Coats on for a day on the Yorkshire canals,,https://i.redd.it/kbvy15wmyit31.jpg,1571502636.0,155,0.99,15,CasualUK,LordCranium
dk61ed,Can you help with this?,,https://i.imgur.com/NhSsuj1.png,1571502624.0,545,0.97,42,CasualUK,Jeff-Stelling
dk5ycz,Perfect autumnal lunch,,https://i.redd.it/8i467ddfxit31.jpg,1571502223.0,88,0.9,28,CasualUK,TrainersAndCupcake
dk5xpd,Gregory‚Äôs,,https://i.redd.it/xgn81e36xit31.jpg,1571502143.0,2764,0.99,104,CasualUK,JonnyAnsco
dk5sjf,Beautiful day in the Chilterns.,,https://i.redd.it/r6grmcqbvit31.jpg,1571501515.0,54,0.96,0,CasualUK,Jdrussell78
dk517a,First try at Halloween biscuits,,https://i.redd.it/9c52phpzkit31.jpg,1571498053.0,180,0.97,14,CasualUK,CorporalCuddles18
dk40zt,Morning London,,https://i.redd.it/40soylf86it31.jpg,1571493079.0,348,0.97,15,CasualUK,Sulphurousous
dk40fs,"They had the whole village made out of cake in a church in Eyam, Derbyshire. My favourite was the cakey pub, pub cake.",,https://i.redd.it/yvrpzrhv5it31.jpg,1571492991.0,169,0.98,20,CasualUK,Cloudspotters
dk3e5t,Apple Inc quality engineering for the Kindle Fire. I present the iBathe - Patent pending.,,https://i.redd.it/r5g3rqd3wht31.jpg,1571489671.0,65,0.9,14,CasualUK,metalthunder84
dk3dz9,Free train ticket: Gatwick South to London Bridge. Today only.,,https://i.redd.it/mqwezlx0wht31.jpg,1571489646.0,547,0.98,25,CasualUK,dantebiotics
dk34ul,You knew it was comings,,https://i.redd.it/zt08itvsrht31.jpg,1571488224.0,446,0.92,19,CasualUK,frosdick
dk32a5,Currently pigging out on a free maccys.,"Daughter ordered on just eat ( she's at uni) but was logged in with her home address, don't think her housemates are happy üòÄüòÄ",https://www.reddit.com/r/CasualUK/comments/dk32a5/currently_pigging_out_on_a_free_maccys/,1571487799.0,95,0.94,30,CasualUK,[deleted]
dk2yn7,We once dug a tunnel under the channel and met some Frenchmen. Pretty impressive engineering.,,https://i.redd.it/snx68fiqoht31.jpg,1571487192.0,1755,0.99,97,CasualUK,SausageMcWonderpants
dk2rsn,On the theme of traumatising kids tv shows... Grizzly tales for gruesome kids,,https://i.redd.it/7l4bzzpelht31.jpg,1571486073.0,786,0.98,45,CasualUK,em_ily289
dk2oxa,"Had my allotment around 6 months now, here's the goods from the last few weeks!",[deleted],https://i.redd.it/0kq4sjztjht31.jpg,1571485580.0,214,0.99,43,CasualUK,[deleted]
dk2mzk,"This sub has ruined me, My missus is in London for work. It took me far too long to realise she was talking about a person here.",,https://i.imgur.com/fD1x2Ot.jpg,1571485243.0,176,0.95,15,CasualUK,TechnicalChaos
dk2h5f,These lizards are chillin‚Äô on a nice sunny day,,https://i.imgur.com/ofXvDli.jpg,1571484218.0,89,0.97,6,CasualUK,MEHColeman
dk27hx,Strong Vicar of Dibley vibes here,,https://i.redd.it/fuisyq79wgt31.jpg,1571482481.0,367,0.98,11,CasualUK,[deleted]
dk26w6,Imagine 5p and it lasts 1000 years,,https://i.redd.it/5uhucbrfaht31.jpg,1571482384.0,53,0.9,17,CasualUK,Jonesy27
dk1znp,How long have these existed?!,,https://i.redd.it/tivvagog6ht31.jpg,1571481049.0,67,0.93,27,CasualUK,[deleted]
dk188r,Has anyone seen Carol?,[deleted],https://i.redd.it/1ca1h3zuqgt31.jpg,1571475800.0,102,0.94,8,CasualUK,[deleted]
dk17ao,Chris McCausland on the new Would I Lie to You? was the most I've laughed in a long time.,,https://youtu.be/wzOf0Li2xYg,1571475629.0,204,0.97,21,CasualUK,ACrispyDuck
dk15rc,Just casually having a cuppa outside of 221b Baker Street. Good morning!,,https://i.redd.it/yt2o5fsbpgt31.jpg,1571475287.0,173,0.89,16,CasualUK,CrepNock
dk0mw2,Heavy spooning!,,https://i.redd.it/aul6l3tc9gt31.jpg,1571471144.0,185,0.95,12,CasualUK,Not_starving_artist
dk0iw9,Lancashire.,,https://i.redd.it/t92tsmheagt31.jpg,1571470293.0,3611,0.98,109,CasualUK,Blackintosh
dk02hd,Up early for the rugby / never knew KFC did breakfast...,[deleted],https://i.redd.it/35ptzj9k0gt31.jpg,1571466963.0,100,0.9,25,CasualUK,[deleted]
djzxd1,Got stuck in traffic on the M1 for an hour yesterday morning. Saw this historical piece of artwork on the distance made it better,,https://i.redd.it/5tsd2xigxft31.jpg,1571465925.0,1018,0.97,39,CasualUK,[deleted]
djyy7k,About to live the Saturday morning dream. Having a bath whilst playing Mario Kart and eating one of every type of Celebration. üòä üõÅ üéâ,,https://i.redd.it/ndr2trhsdft31.jpg,1571459301.0,8034,0.94,328,CasualUK,Befuddled-Penguin
djww4o,"I‚Äôm in America and I just had what they call a ‚Äúbiscuit‚Äù and biting into this atrocity makes me want to book a ticket back to the UK. I want real biscuits damnit, not this Flour-Salt Bitch",,https://i.redd.it/zy94su6wdet31.jpg,1571447233.0,129,0.86,90,CasualUK,IAmTheGlazed
djwt88,Absolute classic,,https://i.redd.it/em63tmnpcet31.jpg,1571446828.0,251,0.91,10,CasualUK,Official_Kromo
djvj3j,"Halnaker Tree Tunnel, West Sussex In England-UK.",,https://i.redd.it/42tpkla38ct31.jpg,1571440467.0,152,0.98,4,CasualUK,ThomasTZh
djvgrj,Occasional poo,,https://i.redd.it/ffib5ojwsdt31.jpg,1571440167.0,96,0.98,10,CasualUK,chonkerblobber
djun0m,You‚Äôre god damn right I peed from the top rung,,https://i.redd.it/5uiu4opjhdt31.jpg,1571436364.0,58,0.85,8,CasualUK,Ollymid2
djtt19,It rained in Aberdeen today...,,https://v.redd.it/9yn0dwk56dt31,1571432557.0,88,1.0,14,CasualUK,darkmmm
djskyz,London Underground rockstar,[deleted],https://v.redd.it/ln5o51gupct31,1571427231.0,275,0.98,20,CasualUK,[deleted]
djsivr,Mad cloud at Thorpe Park yesterday - doesn‚Äôt look real,,https://i.redd.it/rs14nvyppct31.jpg,1571426991.0,79,0.95,8,CasualUK,Bossmoon
djs2ej,BBC Reporter Andrew Bomford exposed in smuggling scandal,,https://i.redd.it/htnhyrvzjct31.jpg,1571425088.0,781,0.99,25,CasualUK,00Twig00
djrg2j,Crack,,https://i.imgur.com/73gK8LH.jpg,1571422468.0,148,0.94,24,CasualUK,TriggerCape
djqlsv,H&amp;S? Nahhhh,,https://i.redd.it/s694gjut1ct31.jpg,1571418954.0,69,0.98,18,CasualUK,philrobo
djqhih,Tragedy at Cambridge station today,,https://i.redd.it/h9hn1t1b0ct31.jpg,1571418446.0,12647,0.97,345,CasualUK,Drwalrus0
djpuff,Our school was evacuated when someone brought in a WWII bomb for show-and-tell.,,https://www.mylondon.news/news/west-london-news/isleworth-primary-school-evacuated-after-17105890,1571415682.0,71,0.95,20,CasualUK,extenderpretender
djpeck,feel like I've seen em on the telly somewhere...,,https://v.redd.it/orspe416fat31,1571413788.0,70,0.99,7,CasualUK,axolotl_head_ferns
djp2r8,"A storm approaching in North Wales, a very UK image",[deleted],https://i.redd.it/672lmzqbibt31.jpg,1571412396.0,153,0.98,12,CasualUK,[deleted]
djoqjq,‚ÄúYeah boss looks good let‚Äôs traumatise some kids‚Äù,,https://i.redd.it/43cbxn6ydbt31.jpg,1571410925.0,218,0.99,17,CasualUK,[deleted]
djop19,"What‚Äôs your opinion on fireworks, bit of fun or more hassle than they‚Äôre worth? (big respect to Sainsbury‚Äôs)",,https://i.redd.it/l0mcgurfdbt31.jpg,1571410751.0,88,0.89,97,CasualUK,f1l1i1c
djokbu,First UK Chick-fil-A to close in LGBT rights row - makes me proud to be British,,https://www.bbc.co.uk/news/uk-england-berkshire-50094551,1571410162.0,177,0.78,201,CasualUK,katethared
djo31l,Shoutout to Hermes for leaving my Amazon parcel in my green bin on green bin day!,,https://i.redd.it/h8h6mlp85bt31.jpg,1571407995.0,739,0.99,76,CasualUK,Danny2877
djn2e8,Argos gave Bill Bailey a laminated book of dreams,,https://i.redd.it/x10hsd4rqat31.jpg,1571403125.0,548,0.98,32,CasualUK,baodur086
djliwc,The only Le Creuset item in John Lewis I can afford. What do I use it for?,,https://i.redd.it/5q77dper0at31.jpg,1571394383.0,72,0.96,75,CasualUK,joanelisabeth
djl9gg,Rugby player gargoyle installed on Gloucester Cathedral,[deleted],https://i.redd.it/fb43taumv9t31.jpg,1571392671.0,67,0.95,10,CasualUK,[deleted]
djl1d7,Strangers save autistic girl's birthday party,[deleted],https://www.bbc.co.uk/news/uk-wales-50086800,1571391092.0,94,0.96,33,CasualUK,[deleted]
djkyqm,Train spotters of Reddit: this space train parked up in York yesterday - tell me all about it.,,https://i.redd.it/z49an0ydp9t31.jpg,1571390558.0,111,0.99,42,CasualUK,Apex999
djksz9,Viennese Whirls,,https://v.redd.it/2194rptsl9t31,1571389420.0,255,0.87,24,CasualUK,a-racecar-driver
djknwq,"When the tube is too much to face, at least I can commute by boat instead.",,https://i.redd.it/wr02wdjqi9t31.jpg,1571388386.0,119,0.98,44,CasualUK,hasthisusernamegone
djkd2j,Just part of the casual morning commute through Colchester.,[deleted],https://v.redd.it/3ao65ni2c9t31,1571386150.0,140,0.93,52,CasualUK,[deleted]
djkah6,"Pub Quiz #88: European Currencies and Famous Cats, real and fictional, feature on this fortnight‚Äôs quiz. The answers are in the comments, as ever, and I invite you all to give it a go!",,https://imgur.com/a/LrqAHLY,1571385649.0,83,0.96,81,CasualUK,Kerigorrical
djjx9y,At least he's honest,,https://imgur.com/3MCT1li,1571383078.0,170,0.98,15,CasualUK,YouShouldntSmoke
djjv56,"Steps of St Paul's Cathedral, 1890 and 2019",,https://i.redd.it/rvpwoczbj7t31.jpg,1571382680.0,52,0.93,7,CasualUK,JayenIsAwesome
djjr71,Councils hate this genius. How to destroy the system in one sly move,,https://imgur.com/T8HGxnh,1571381991.0,87,0.94,8,CasualUK,[deleted]
djjm2z,How it feels like moving to the UK,,https://i.redd.it/mpf8mkt3x8t31.jpg,1571381045.0,81,0.85,53,CasualUK,Ghoonem
djjee9,I used to love this show. Never saw anyone win it though. The face in the wall used to give me.. well... (k)nightmares.,[deleted],https://i.redd.it/qz1ql1qvs8t31.jpg,1571379625.0,65,0.94,52,CasualUK,[deleted]
djdkp3,Love Autumn üçÇ,,https://i.redd.it/666d3tbvc6t31.jpg,1571350036.0,159,0.97,8,CasualUK,Jorarl
djdhie,These are not the drones you are looking for,,https://imgur.com/hvuFahq,1571349666.0,99,0.96,6,CasualUK,mud_butter
djc8fh,It‚Äôs the real life chicken run. Many chickens escaped a chicken factory near me,,https://i.redd.it/d35hw80nv5t31.jpg,1571344232.0,80,0.95,13,CasualUK,punkyfish2
djblij,Pound Stretchers bubble gun. Instructions are worrying.,,https://i.redd.it/9zkxwbmzn5t31.jpg,1571341661.0,118,0.96,16,CasualUK,Dimbostar
dja1fa,Something happened in that lift. Something terrible happened.,,https://imgur.com/rOq9nH2,1571334986.0,616,0.99,25,CasualUK,chilejon
dja1cl,Gotta love a Greggs,,https://i.redd.it/8gnj37h445t31.jpg,1571334978.0,1437,0.98,54,CasualUK,What-do-you_mean
dj88p9,Someone at work is finally going to go for the trick shot,,https://imgur.com/WFaCdan,1571327288.0,201,0.97,9,CasualUK,calls_you_a_bellend
dj7s4n,Chilling Soviet-era 'invasion maps' show they'd nailed the native pronunciation,,https://i.redd.it/o9lirdl6b4t31.jpg,1571325250.0,402,0.98,73,CasualUK,BellaKaterina84
dj7o01,I drunk messaged Derek Acorah last night and actually got a response,,https://imgur.com/aG0cZ3y,1571324752.0,826,0.97,75,CasualUK,custardgash
dj7c41,Don‚Äôt tell me what to do!,,https://i.redd.it/9xniz0ld54t31.jpg,1571323292.0,87,0.96,15,CasualUK,millsytime
dj781d,"‚ô´ Hello darkness, my old friend. ‚ô™",,https://i.imgur.com/4EBJGzr.jpg?1,1571322800.0,73,0.95,13,CasualUK,food_bag
dj740h,"During World War 1, the Germans disguised one of their ships as a British ship, the RMS Carmania, and sent it out to ambush British vessels. In a hilariously bad stroke of luck, the first ship it encountered was the real RMS Carmania, which promptly sank them.",[deleted],https://www.historychannel.com.au/h100/the-battle-of-trindade/,1571322296.0,126,0.98,8,CasualUK,[deleted]
dj722g,When bulk buying customised M&amp;M's for business events the cheapest price per bag is ¬£0.16... if one orders0 9.2 million bags,"[https://www.mms.com/en-gb/customisable-bag-10g/p/9050](https://www.mms.com/en-gb/customisable-bag-10g/p/9050)

Right lads, time for a whip round. There's 424,000 of us here, so I make that to be ¬£3.47 each.

For anyone wondering we can get 2 million bags in a standard shipping container, so we'll need about 5. Who's got a big enough garden? Or boat?

Ignore the extra 0 I've stuck in the title.",https://www.reddit.com/r/CasualUK/comments/dj722g/when_bulk_buying_customised_mms_for_business/,1571322039.0,80,0.96,25,CasualUK,Xais56
dj6ouz,"I finally went to Hampton Court rafter living in the UK for two years, it was so worth it and so beautiful",,https://i.redd.it/7q25ulujw3t31.jpg,1571320327.0,105,0.97,12,CasualUK,lizziejayy
dj6mzl,My local chippy does battered halloumi,,https://i.redd.it/lq8klrosv3t31.jpg,1571320072.0,393,0.98,75,CasualUK,[deleted]
dj6g0o,The painter for HMS Victory must have painted this lion from memory...,,https://i.redd.it/ctffoe2ys3t31.jpg,1571319113.0,90,0.98,16,CasualUK,Mango_Weasel
dj6a7v,It's Moroccan.,[deleted],https://i.redd.it/gw430ajiq3t31.jpg,1571318328.0,237,0.98,19,CasualUK,[deleted]
dj69sd,RWC,,https://i.redd.it/3vmc6b0gq3t31.jpg,1571318270.0,1001,0.96,44,CasualUK,pse2017
dj68o5,"There was a pretty nice rainbow visible from my office. There‚Äôs no gold at the end of it, just more Croydon.",,https://i.redd.it/3mde7texp3t31.jpg,1571318098.0,87,0.96,8,CasualUK,NotWritten_NotARule
dj5sv2,"Lighting can improve a lot of things, even Southend",,https://i.redd.it/3m2rzgrbj3t31.jpg,1571315882.0,74,0.95,9,CasualUK,Dirtymac69
dj5276,is it just me or does this coat look an awful lot like a dressing gown?!,,https://i.redd.it/nvziq5id73t31.jpg,1571311858.0,183,0.97,35,CasualUK,-uOKhun-
dj4zef,Came home to a dead pigeon outside my front door. Is someone trying to send me a message?,,https://i.redd.it/nx8kso1063t31.jpg,1571311399.0,59,0.98,26,CasualUK,thiscakeissmashed
dj4uc7,"Ever wondered why they always cut away to a different studio for the weather? Well, it's because no weather presenter is over four inches tall. That fancy map behind them? Just an iphone on it's side.",,https://i.imgur.com/wPWJ748.png,1571310540.0,6225,0.95,100,CasualUK,loudribs
dj4tgd,"The Fresh Prince has moved to Carlyon Bay, St Austell.",[deleted],https://i.redd.it/6ckv22lz23t31.jpg,1571310387.0,68,0.95,13,CasualUK,[deleted]
dj4sua,Can we appreciate whoever decided on the name of this road next to South Yorkshire police station.,,https://i.redd.it/2l7mhs5p23t31.jpg,1571310285.0,297,0.97,21,CasualUK,barrpineapple
dj4qb5,Where's Nicholas Angel when you need him?,,https://i.redd.it/67rx7leg13t31.jpg,1571309871.0,55,0.96,13,CasualUK,Arbuh
dj4o9r,"My brother managed to get a knife through the bottom of the marmite, i dont know how, but he did",,https://i.redd.it/8ko7jhxe03t31.jpg,1571309521.0,423,0.97,67,CasualUK,WanderingF0X
dj4gqr,Got a toastie machine from Aldi. Thanks for the warning.,,https://imgur.com/ggBGTDR.jpg,1571308222.0,11660,0.96,372,CasualUK,[deleted]
dj4dp2,Walking on the Hoe this morning. No hoes were present.,,https://i.redd.it/pljq9cuuu2t31.jpg,1571307654.0,169,0.97,18,CasualUK,highlander2189
dj48vp,This optician‚Äôs window display in Ipswich.,,https://i.redd.it/3gwxwb99s2t31.jpg,1571306774.0,1545,0.98,75,CasualUK,divingbored
dj45ha,I'm sure some of you will want this mug that was donated to work recently,,https://i.redd.it/itm4vdw2q2t31.jpg,1571306158.0,48,0.88,16,CasualUK,Spoonfed_Devil
dj3v7s,Tenby's pastel painted buildings (plus random dog),[deleted],https://imgur.com/K9ZSYHw,1571304232.0,154,0.97,12,CasualUK,[deleted]
dj3a8z,The chilly Autumn mornings aren't too shabby here in the Midlands,,https://imgur.com/NUKtEB4.jpg,1571300055.0,246,0.98,7,CasualUK,26326312
dj2whs,A beautiful sunset whilst visiting Great Yarmouth seafront last night.,,https://i.redd.it/0ck6efssz1t31.jpg,1571297205.0,64,0.96,10,CasualUK,SentientBaconButty
dj2vgf,Peaza for breakfast?,,https://i.redd.it/lau3yhn0z1t31.jpg,1571296993.0,216,0.96,20,CasualUK,Char1esMarte1
dj285s,Car Broken Into,Car got broken into last night. Here's the thing - they only took my Dad's glasses from Poundland and a multitool of which he already has loads. This might be the saddest crime I've ever seen,https://www.reddit.com/r/CasualUK/comments/dj285s/car_broken_into/,1571292642.0,93,0.95,51,CasualUK,wdpk83point7fm
diw3um,"Saw this on the way to the Vaults Theatre last week for an immersive play. London, you absolute unit üñ§",,https://i.redd.it/mq0unpxt0zs31.jpg,1571261231.0,65,0.92,5,CasualUK,bstmstr18
diw312,Bank of England gave me this sponsored post on Instagram. It‚Äôs happening,,https://i.redd.it/cvxelcth0zs31.jpg,1571261119.0,131,0.97,42,CasualUK,AtomicZoZo
divvg3,"Came to the north for uni, but really missing Cornwall - this is the beach I walked past everyday to get to work",,https://i.redd.it/f1gvyqguxys31.jpg,1571260241.0,99,0.96,11,CasualUK,SwiftZC
divniq,"Just took this pic, kinda looks like a witches face by the moon.. Halloween is fast approaching!",,https://i.redd.it/o7vxt9gavys31.jpg,1571259369.0,82,0.89,20,CasualUK,stimmingyo
divhz7,Menu for local take away that has just been delivered looks quite progressive,,https://i.redd.it/2pk6gp8etys31.jpg,1571258731.0,102,0.91,17,CasualUK,PipsHotSauce
div9xj,Bamburgh Castle last night after the rain. The Northumberland coast is just absolutely wonderful.,,https://i.imgur.com/1ph3ESx.jpg,1571257821.0,929,0.99,51,CasualUK,President-Nulagi
div8or,Beware of taxi drivers,,https://youtu.be/JPENDW8nr0I,1571257696.0,67,0.83,12,CasualUK,Murphmeisters
diufte,The Apprentice Week Three: Toymakers,"Good evening.

Week three is already here, and joy abounds in our hearts as the teams get mixed up. Will we have the pleasure of seeing Ryan-Mark and Lottie on the same team..? But I'm getting ahead of myself.

Last week we said goodbye to dearest Kenna, who seemed altogether too nice (and too stupid) to win this competition. Kenna, who wanted to go into the ice cream business with surlordalunsugar, put himself forward as the PM for an ice cream task. The team then contrived to fuck up so badly a team which put whole sprigs of rosemary in the fucking ice lollies won.

*How* did they fuck up that badly? Just how? Based on his current shite-ness I think Dean needs to pull his socks up or he'll be out by his ear in no time.

This week the teams are mixed up and sent to make some toys for children. Since several of the contestants are still literal children, this should be a walk in the park, right? 

Favourites so far? I think Souleyman has been decent, albeit quite quiet.

The contestants:
-

Name| Age| Occupation| PM Count|Twat?| Week Out
---|---|----|----|----|----|----
Dean Ahmad|20|Owner, Sports Management Agency|-|Gormless twat|- 
Scarlett Allen-Horton|32|Owner, Recruitment Company|1|Recruiter|- 
Jemelin Artigas|34|Network Marketing Consultant|-|No|- 
Souleyman Bah|20|Motivational Speaker|-|Yes|- 
Lewis Ellis|28|Digital Marking PM|1|Yes|- 
Lubna Farhan|33|Finance Manager|-|Yes|- 
Riyonn Farsad|30|Events Manager|-|Yes|- 
~~Shahin Hassan~~|36|Engineer|-|Yes|1
Pamela Laird|29|Owner, Beauty Brand|-|Yes|- 
Carina Lepore|30|Owner, Artisan Bakery|1|Yes|- 
Lottie Lion|19|Librarian|-|FUCKING LIBRARIAN|- 
Ryan-Mark Parsons|19|Luxury Womenswear Consultant|-|Poncey twat|- 
Iasha Masood|27|Account Manager|-|No|- 
~~Kenna Ngoma~~|24|Owner, Ice Cream Company|1|Yes|2 
Marianne Rawlins|36|Owner, Risk Management Consultancy|-|Yes|- 
Thomas Skinner|28|Owner, Pillow Company|-|Aggro twat|-",https://www.reddit.com/r/CasualUK/comments/diufte/the_apprentice_week_three_toymakers/,1571254386.0,61,0.9,687,CasualUK,jptoc
diud4o,Freddie Mercury is alive and he‚Äôs brewing ales now.,,https://i.redd.it/e0p7262ifys31.jpg,1571254091.0,54,0.87,19,CasualUK,DeadYen
ditzka,Costa casually using napkins for toilet roll,,https://i.redd.it/kxe9he14bys31.jpg,1571252581.0,97,0.95,13,CasualUK,DonkeyBrainsFrank
ditt5v,Buy one get one free! Just pay more than single pizza price to get another absolutely free!,,https://imgur.com/RXt1i5m,1571251864.0,78,0.96,31,CasualUK,Deanharris1989
ditoap,Some nugget had a proper fancy meal on board my bus tonight.,[deleted],https://i.redd.it/tcfuf0v97ys31.jpg,1571251295.0,418,0.98,37,CasualUK,[deleted]
ditatk,"Well done Tesco, nice try.",,https://i.redd.it/r6e4eebi2ys31.jpg,1571249688.0,108,0.96,8,CasualUK,winch25
dit5ec,Halloween decorations sorted.,,https://i.redd.it/98qmo2gh0ys31.jpg,1571249015.0,131,0.94,5,CasualUK,Shitty_username420
dit0kr,I love British pub names,,https://i.redd.it/wolulo2wyxs31.jpg,1571248470.0,9768,0.97,366,CasualUK,MoralPenguin
dis88i,Does anyone else get black shit in their nose when they go to London?,"Hey guys, bizarre question - would like to know if I'm alone.

I occasionally have to go to London for meetings. It usually consists of a train to paddington, a number of tubes, pop up in central london, then do the journey in reverse. When I get home and blow my nose, it's always some dirty grey/black colour.

I've been to Torronto, Tokyo, Barcelona, Madrid and even Marrakesh (which rekindled my asthma) but none of these places leave my mucus with black and grey blotches. Anyone else know what I'm talking about?

Also, if it is the case that this happens, do you guys who live in London just accept it as part of the London tax?",https://www.reddit.com/r/CasualUK/comments/dis88i/does_anyone_else_get_black_shit_in_their_nose/,1571245280.0,71,0.96,64,CasualUK,troopski
dirr8j,"Found a bargain in Sainsburys, 60 portions (6kg) of beef mince for ¬£12! I hope I can fit it all in the freezer.",,https://i.redd.it/rfy3ydppjxs31.jpg,1571243366.0,266,0.91,97,CasualUK,ROPlayer33896
diqutq,Just had a game changing realisation about Bake Off,,https://imgur.com/u13Ynjw,1571239586.0,101,0.86,17,CasualUK,naughty_yorick
diqrid,Someone here posted one of these posters recently so I thought I'd explain‚Ä¶,,https://i.redd.it/0f56284x6xs31.jpg,1571239205.0,624,0.98,62,CasualUK,realolifrost
dipiar,The vending machines at work are taking the piss now.,,https://imgur.com/4CObjzP.jpg,1571233420.0,68,0.97,12,CasualUK,TheDisapprovingBrit
dip5r2,"Nothing better than walking through the woods at the start of autumn, Sheffield",,https://i.redd.it/lhln8x1xkws31.jpg,1571231666.0,72,0.95,10,CasualUK,Jacktom365
dioqjw,"From what I understand from this subreddit, this needed to be my first stop when I moved to the UK",,https://imgur.com/sOC49uK,1571229542.0,3239,0.96,315,CasualUK,josemartin2211
diojcz,"Beautiful morning in Kingcombe, Dorset",,https://i.redd.it/o4bmzuwibws31.jpg,1571228507.0,103,0.98,4,CasualUK,munirys
diojch,I just went to a Post Office depot and I got there just as they was going out ...,,https://i.redd.it/4hyn4w39bws31.jpg,1571228505.0,165,0.95,11,CasualUK,[deleted]
dio6sj,Why are Brits so polite?,"Hey everyone! I am currently studying in the UK but I‚Äôm originally from Hungary. I‚Äôve always wanted to ask this but haven‚Äôt really found the proper place until now. 

Why do British people tend to be so polite and indirect in social situations? 

I guess there‚Äôs two sides to this. From where I come from, being straightforward is seen as a virtue. You speak what‚Äôs on your mind, you say what you need to say directly. Of course, this might result in people being blunt. 

In the UK, I saw a lot of locals use euphemisms and ‚Äúbeat around the bush‚Äù when they ask for something. Also, everyone is super polite and just all around friendly, and I‚Äôm afraid I might come across rude when I plainly tell someone I don‚Äôt like what they‚Äôre proposing for example. 

Can you guys educate me on this a bit? I‚Äôm open to all sorts of comments: the origin of these social norms, why it‚Äôs so different from the rest of Europe, why you‚Äôre so big on not offending anyone, and whether people like me have a place in British society even if we don‚Äôt conform to British social etiquette.",https://www.reddit.com/r/CasualUK/comments/dio6sj/why_are_brits_so_polite/,1571226627.0,53,0.93,98,CasualUK,thefirstofhisname11
dinnc6,Saw these in someone‚Äôs front garden...,[deleted],https://i.redd.it/dlcy5gjqwvs31.jpg,1571223533.0,82,0.93,10,CasualUK,[deleted]
dinej4,I have solved the greatest problem of our time: how to dunk chocolate hob nobs with no casualties!!,,https://i.redd.it/baamhrw3svs31.jpg,1571221993.0,57,0.91,16,CasualUK,Mildcorma
dimzil,Huh?,,https://i.redd.it/kzsvala4kvs31.jpg,1571219289.0,83,0.98,37,CasualUK,Sendnoods88
dim3za,Is this peak British?,,https://i.imgur.com/LijGKVu.jpg,1571212945.0,314,0.98,60,CasualUK,JayneLut
dilt73,They've had to lock up the E45 cream because it keeps getting nicked. Yes... it's Walsall.,,https://i.redd.it/mq3qn3xuuus31.jpg,1571210796.0,142,0.98,58,CasualUK,SirEliz
dilq23,Standard morning TV....right?,,https://i.redd.it/t1r578j2tus31.jpg,1571210193.0,152,0.98,16,CasualUK,SameOldBrit
dilog4,I work with absolute savages,[deleted],https://imgur.com/WvPcZj5,1571209899.0,57,0.94,14,CasualUK,[deleted]
dilmiu,"On this gloomy October day, have Gloucestershire in May!",,https://i.redd.it/q2np2gl5rus31.jpg,1571209548.0,522,0.98,34,CasualUK,TheTokenEnglishman
dilhby,Brilliant,,https://i.redd.it/43msk5pcous31.jpg,1571208607.0,237,0.93,6,CasualUK,[deleted]
dile83,I'm confused about duck diet now,,https://i.redd.it/6tivot8pmus31.jpg,1571208050.0,41226,0.95,1469,CasualUK,inkmybeard
dikx6h,"TIL that when the chief model maker for Thomas the Tank Engine left his rock band in 1970, he was replaced by Freddie Mercury and his former band became Queen {x-post}",,https://en.wikipedia.org/wiki/Tim_Staffell,1571204992.0,62,0.96,2,CasualUK,[deleted]
digfw1,I met Shaun Wallace (The Dark Destroyer) from The Chase last night at The National Quiz finals.,,https://i.redd.it/phigwvxchss31.jpg,1571182042.0,88,0.94,17,CasualUK,mr_minus1
difchp,Must be my new micro sd card from Amazon,[deleted],https://i.redd.it/a74vxs323ss31.jpg,1571177232.0,2576,0.98,69,CasualUK,[deleted]
dif28w,Those horrible soulless eyes,,https://i.redd.it/qyetr2bizrs31.jpg,1571176056.0,103,0.94,15,CasualUK,MellotronSymphony
dieul4,"Tonight, I have mainly been having a go at making some vintage-ish LED table lamps with fancy dimmers 'n stuff...",,https://i.redd.it/wmaecy1ywrs31.jpg,1571175178.0,69,0.91,11,CasualUK,alexgreyhead
diep96,Saw this absolute unit today,,https://i.redd.it/35q3k0j2vrs31.jpg,1571174546.0,69,0.91,15,CasualUK,FlintyMachinima
diengf,I just got a double Kinder egg...,,https://imgur.com/XReTBH0,1571174348.0,1521,0.99,74,CasualUK,theferrolgamer
die26j,First day without rain in weeks. Worth the wait.,,https://imgur.com/MbjT1jK,1571171968.0,1784,0.99,28,CasualUK,aguywhoisme
dididt,My Dad nutmegged me during a game of 7-a-side tonight.,I‚Äôm 30 years old and I considered calling Childline.,https://www.reddit.com/r/CasualUK/comments/dididt/my_dad_nutmegged_me_during_a_game_of_7aside/,1571169780.0,175,0.98,37,CasualUK,highlander2189
did2qc,The 'Toon' today.... Did you know the Tyne Bridge was a 'test run' for the Sydney Harbour Bridge - both made by a Middlesbrough company,,https://i.redd.it/6i06q2vpbrs31.jpg,1571168057.0,425,0.99,55,CasualUK,[deleted]
did1kb,Avocado on toast from boothes near Preston,,https://i.imgur.com/xPnolqV.jpg,1571167928.0,158,0.93,50,CasualUK,selfawareusername
dibhi3,"When travelling to Cornwall, ensure that you plan for rain, then the weather gods might just bless you with a day like today!",,https://i.imgur.com/yPSEc1e.jpg,1571161565.0,5874,0.99,113,CasualUK,TheJiminator
dibh2k,A modern classic.,,https://v.redd.it/d8yrs9gm9os31,1571161509.0,850,0.98,107,CasualUK,greatdane114
dib0t3,Just did a fridge audit. We have 5 opened jars of mango chutney in there.,,https://www.reddit.com/r/CasualUK/comments/dib0t3/just_did_a_fridge_audit_we_have_5_opened_jars_of/,1571159672.0,116,0.99,43,CasualUK,PoorlyAttired
dia0po,"My view from the train this morning. Yes, it's the countryside.",,https://i.redd.it/rjkyt48kaqs31.jpg,1571155543.0,143,0.98,4,CasualUK,hello_August
di9q10,Best street name in the UK. Change my mind.,,https://imgur.com/k5zkmOq.jpg,1571154276.0,408,0.97,96,CasualUK,26326312
di8ypu,"At a hotel in London. Went to get in the car, and found its brother from another mother parked next to us.",,https://i.redd.it/7k1gvasvwps31.jpg,1571150991.0,284,0.88,32,CasualUK,misplacedfocus
di8wxl,Billy Elliott village this afternoon.... didn't see any ballet dancers tho,,https://i.redd.it/kb4rxkfawps31.jpg,1571150766.0,67,0.95,21,CasualUK,[deleted]
di8j40,Hoping for more Greggs wrapping paper this year,,https://i.redd.it/129dofi4rps31.jpg,1571149003.0,59,0.95,2,CasualUK,V0110
di7vdx,"Patagonia, no. Accringtonia?",[deleted],https://i.redd.it/rjp4y6nyhps31.jpg,1571145934.0,67,0.94,3,CasualUK,[deleted]
di6wx3,A reminder of the *great* people of the UK,"Just answered the door to someone who's gone 2 miles out of their way to deliver my girlfriends purse with all her cards and cash intact in it, found in the middle of the McDonald's roundabout in London Colney. She'd left it on top of her car after getting fuel. He refused any reward whatsoever. 

Not so long ago she lost her bag and laptop on a train, with the purse too. That too was returned with everything present a week later. 

Sadly I need to be reminded all too often sometimes - but there are still some great people out there.

I will remind her when she gets home she really needs to be more careful as I don't know how long her luck is gonna hold!

Be well everybody!",https://www.reddit.com/r/CasualUK/comments/di6wx3/a_reminder_of_the_great_people_of_the_uk/,1571141050.0,218,0.95,53,CasualUK,[deleted]
di6qgs,A City relic - the police phone box,,https://i.redd.it/w961qwye0ps31.jpg,1571140031.0,61,0.96,16,CasualUK,plebbitspacing
di6pap,Whomever created this is the hero we need but don't deserve,,https://i.redd.it/ukujka2vzos31.jpg,1571139838.0,59,0.9,14,CasualUK,HollyGeldart
di6d7m,U wot m8,,https://i.imgur.com/vIJbvfv.jpg,1571137841.0,422,0.97,18,CasualUK,FuneralWithAnR
di68we,Richard Ayoade talks about his new Gwenyth Paltrow book,[deleted],https://youtu.be/pv7MRgNuShI,1571137111.0,52,0.96,16,CasualUK,[deleted]
di61gm,Help! Is there another way to eat a sausage roll?! Sat on a train full of shame and pastry.,,https://i.redd.it/7vhrhlb0oos31.jpg,1571135855.0,135,0.94,56,CasualUK,hamitchell1
di5abw,A proper English love story,,https://i.redd.it/t5gonilx9os31.jpg,1571131129.0,139,0.97,26,CasualUK,TouchMeLikeUncleTom
di4jm6,"Imagine dying, entering the afterlife, and being greeted by this fella.",,https://i.redd.it/eaicbetluns31.jpg,1571125987.0,19605,0.94,380,CasualUK,mykeuk
di40s4,"Habitual tea drinking modulates brain efficiency, suggests a new study that evaluated brain connectivity, the first compelling evidence that tea drinking positively contributes to brain structure making network organization more efficient.",,https://www.aging-us.com/news_room/habitual-tea-drinking-modulates-brain-efficiency-evidence-from-brain-connectivity-evaluation,1571122564.0,81,0.95,19,CasualUK,abrasiveteapot
dhxq86,Fishing in Ramsgate.,,https://i.redd.it/zzzjhmp2vks31.jpg,1571089798.0,107,0.97,2,CasualUK,spingledoink
dhxc53,Six ways to devide England linguistically,,https://i.imgur.com/IOQqXIR.jpg,1571088144.0,391,0.9,184,CasualUK,GMginger
dhwu6n,Looks lovely but I bet if you actually went there it would just be a bunch of wet leaves,,https://i.redd.it/m8curu6rfjs31.png,1571086105.0,123,0.97,18,CasualUK,samjadenhailes
dhwq4e,"Thank you, Tyne Tunnel toll booth man..","My sat nav took me unexpectedly to the Tyne Tunnel today, and it wasn't until I was there that I realised I had no change. A kind stranger offered me the toll money so that I could go right through, hassle free. I just want to take a second to say thank you, kind sir, you didn't need to help but you chose to do so and I appreciate that massively. 

This thank you may never get to you but at least it's out there, floating around! I promise to pay it on!",https://www.reddit.com/r/CasualUK/comments/dhwq4e/thank_you_tyne_tunnel_toll_booth_man/,1571085664.0,56,0.94,10,CasualUK,you-dreamt-this
dhw9xr,"For some the defeat at Hastings, 953 years ago is still raw!",,https://i.redd.it/fy1m02obdks31.jpg,1571083827.0,289,0.99,19,CasualUK,allthekos
dhv4mz,Nothing quite like finding Cathedral City in a lift,,https://v.redd.it/69b2hk2qzjs31,1571079254.0,70,0.9,8,CasualUK,BenniBoyFTW
dhtqz5,Co-op Ice cream van?,,https://i.redd.it/loi2lg9pijs31.jpg,1571073532.0,126,0.97,24,CasualUK,JaffaJ4k3
dhtffh,"There's been a model of the moon in Derby cathedral recently. Went to see it. As I left 2 teen girls were walking in. First said ""Wow"". Second asked, out loud, ""Is that the real moon?"" I despair!",,https://www.reddit.com/r/CasualUK/comments/dhtffh/theres_been_a_model_of_the_moon_in_derby/,1571072247.0,71,0.95,10,CasualUK,Al_Bee
dht207,Nursing home near me didn‚Äôt think through the halloween decorations,,https://i.redd.it/h63g1t4bajs31.jpg,1571070707.0,742,0.99,25,CasualUK,tupperwaredinosours
dhspq9,Anyone confirm this?,,https://i.redd.it/nr3p6g416js31.jpg,1571069269.0,12213,0.95,405,CasualUK,Z1ndabad
dhsfds,"i met a nice American guy, we were going over our countries different things. Explaining the concept of a crumpet is my new favourite activity",,https://i.redd.it/ef9fqrjh2js31.jpg,1571068076.0,133,0.95,69,CasualUK,InstinctOcean
dhrmrc,Rate my tea,,https://i.redd.it/oryx9xaesis31.png,1571064690.0,147,0.78,92,CasualUK,queerantifa
dhrbu5,Basically true,,https://i.redd.it/b34yojz2rbs31.png,1571063325.0,204,0.93,20,CasualUK,Ryuk3112
dhqran,wonderful,,https://i.redd.it/kpfiydyfgis31.jpg,1571060662.0,30199,0.95,255,CasualUK,tomibby
dhqfif,"Nearly a decade on, its time to let them go.",,https://i.redd.it/9tphzbwibis31.jpg,1571059014.0,132,0.98,48,CasualUK,wilof
dhpz1e,Got a triple layer bourbon!,,https://i.redd.it/tw2v0gtl4is31.jpg,1571056684.0,416,0.97,50,CasualUK,samjgrover
dhpgqb,"Thank God, The Bard of Biggleswade has clarified the situation for me!",,https://i.redd.it/audihfjcwhs31.jpg,1571053908.0,228,0.98,21,CasualUK,[deleted]
dhpfhu,Sandra from HR didn't know Iceland was a country but apparently I'm a circus attraction level moron if I don't know school term times off the top of my head,Excuse me for not having children and finishing school decades ago.,https://www.reddit.com/r/CasualUK/comments/dhpfhu/sandra_from_hr_didnt_know_iceland_was_a_country/,1571053708.0,1332,0.99,113,CasualUK,TheJungleVIP
dhp8y7,"Took up running to help with work stress a month ago, managed to make it up the hill without stopping today , still had enough left for a picture.",,https://i.redd.it/w8wl554bshs31.jpg,1571052551.0,180,0.97,15,CasualUK,catdog1934
dhp1ws,Does anyone else live on a road that changes name halfway down?,,https://i.redd.it/7gtcdmirohs31.jpg,1571051355.0,97,0.97,38,CasualUK,vbloke
dhozwt,"As we're approaching Halloween, let's share some of our creepiest British folklore. What's your story?",,https://www.reddit.com/r/CasualUK/comments/dhozwt/as_were_approaching_halloween_lets_share_some_of/,1571051009.0,72,0.95,86,CasualUK,DrFeelgood987
dhox1z,This church door in Stow-on-the-Wold is said to have been Tolkien's inspiration for the Doors of Durin,,https://i.imgur.com/ZUZfxei.jpg,1571050495.0,343,0.98,6,CasualUK,TheCleaver
dhor2k,Can't say I'm overly chuffed with Vodafone's charges this month,,https://i.redd.it/ib2ybbwwihs31.jpg,1571049387.0,711,0.98,82,CasualUK,_ReZero
dholss,I have no idea how Sainsbury's expect me to put one on.,,https://imgur.com/8XWhyX6,1571048400.0,110,0.86,8,CasualUK,Wombles
dho8dr,An uplifting sight on an otherwise dreary morning,,https://imgur.com/PHe0d7n,1571045801.0,66,0.85,3,CasualUK,[deleted]
dhnv5e,Inverness on a good day can be underrated! No tall buildings so the sky is massive.,,https://i.redd.it/0yjzpcda0hs31.jpg,1571043134.0,191,0.98,16,CasualUK,TheWhiteCastle
dhnrt9,Had a little visitor this morning,,https://i.redd.it/xyzfgy53ygs31.jpg,1571042383.0,648,0.98,36,CasualUK,Mojoblackwhite
dhn9co,"The amount of old people on buses nowadays, they have to warn us",,https://i.redd.it/7k86pk3vmgs31.jpg,1571038608.0,72,0.9,4,CasualUK,Ugly_Simon1
dhmnwt,"953 years ago today, the Battle of Hastings took place. To mark the occasion, I wrote a parody of American Pie about 1066 and all that - The Day King Harold Died.",,https://youtu.be/PTZEGVD-1_c,1571034606.0,96,0.87,20,CasualUK,[deleted]
dhleki,My new definition of too early is waking up before the CasualUK Monday morning thread.,Please send help (and caffeine),https://www.reddit.com/r/CasualUK/comments/dhleki/my_new_definition_of_too_early_is_waking_up/,1571026429.0,97,0.98,17,CasualUK,Rosskillington
dhi2v8,They aren't even trying anymore,,https://i.redd.it/6bqpfwqj4es31.jpg,1571008235.0,69,0.9,12,CasualUK,Mackelroy_aka_Stitch
dhh1v4,"A most enjoyable evening in Leicester for a curry on a very busy Belgrave Road, followed by this lot being switched on!",,https://i.redd.it/9e2tvmgyods31.jpg,1571002992.0,107,0.97,10,CasualUK,Late_Turn
dhgvn8,Not sure if fits here.Legend !,[deleted],https://v.redd.it/t472wv28mds31,1571002170.0,76,0.86,7,CasualUK,[deleted]
dhgoyf,900 year old church tucked away on a sunny autumn day in Durham,,https://i.redd.it/c8fepj8vjds31.jpg,1571001282.0,238,0.99,22,CasualUK,leathervelvet
dhgj2g,I wonder if there‚Äôs a name for this sunset phenomenon that appeared near Gloucester recently.,,https://i.redd.it/4r51qpgohds31.jpg,1571000545.0,53,0.89,18,CasualUK,cotswoldboy
dhggl7,"After spending 5 minutes shouting ""TEMPLE!"" into mine then giving up and just looking for it on the menus, I feel her pain.",,https://i.redd.it/9x4u8b4sgds31.jpg,1571000242.0,68,0.94,28,CasualUK,AtJackBaldwin
dhgfva,American reddit playing catch up...,,https://i.redd.it/obr92jhkgds31.jpg,1571000170.0,558,0.95,79,CasualUK,lastaccountgotlocked
dhgboi,Saw this on Twitter...,,https://i.redd.it/ih3xhmq0fds31.jpg,1570999650.0,9205,0.97,93,CasualUK,_jonnyrussell
dhg9ci,Joyous read from 1971. Found under a carpet at a rewire job. Sacked worker laced her boss's tea with LSD. Bless her.,,https://i.redd.it/jzrctl55eds31.jpg,1570999363.0,170,0.97,26,CasualUK,stateit
dhg2ag,Just been on a trip to Blackpool for the day ‚Äò‚Äòtwas great.,,https://i.redd.it/qksjhfglbds31.jpg,1570998500.0,59,0.93,27,CasualUK,-God-of-the-world-
dhg0w8,"""You cannot describe Britain in one vid-""",,https://v.redd.it/hebanu7qads31,1570998328.0,156,0.92,22,CasualUK,_Ash-B
dhee9o,Seen at Birmingham New Street‚Äîwish I had gotten the type of tape used,,https://i.redd.it/vcydyhu4qcs31.jpg,1570991328.0,68,0.92,12,CasualUK,roozlesthegreat
dhdmvn,Marvin the Paranoid Android has died.,,https://www.bbc.co.uk/news/uk-50035065,1570988021.0,59,0.92,19,CasualUK,ianm42
dhd73p,I fucking love meat raffles. ¬£2 worth of tickets and walked out with this bad boy.,,https://imgur.com/X3OVRD2.jpg,1570986056.0,51,0.84,25,CasualUK,26326312
dhcy14,Luckily my new house only has 1 bin (but shame on the local council for no recycling collection),,https://i.redd.it/2i1krntl4cs31.jpg,1570984856.0,237,0.96,40,CasualUK,Razzicle
dhcwj3,"UK Sim Racer Jimmy Broadbent has raised over ¬£30,000 for Mind with his charity 24h race!",,https://i.redd.it/vlgc218g6cs31.jpg,1570984661.0,125,0.99,15,CasualUK,im_probablyjoking
dhcuec,Erm... I think I will just pay individually,,https://i.redd.it/dlccyxfn5cs31.jpg,1570984395.0,72,0.95,9,CasualUK,briansamoa
dhctow,"Autumnal path, this morning. (Pembrey)",,https://imgur.com/9sHDEiq,1570984302.0,63,0.92,6,CasualUK,Kitescreech
dhct9g,There's nothing better than watching your Yorkshire puddings rise,,https://i.redd.it/i0ahocg75cs31.jpg,1570984245.0,178,0.98,11,CasualUK,steveh2488
dhc5p0,Getting the train home on a quiet Sunday evening isn‚Äôt so bad.,,https://i.redd.it/fcejr2g8wbs31.jpg,1570981228.0,181,0.96,26,CasualUK,pixelunit
dhbgoz,14 years ago today we brought this little Welsh Springer into our lives. His name is Bob,,https://i.redd.it/o04hmuaimbs31.jpg,1570977961.0,398,0.97,20,CasualUK,hhrc-1
dhbfd9,Exmouth - The cutting edge of fine dining,,https://i.redd.it/6iw87b4ylbs31.jpg,1570977769.0,121,0.96,25,CasualUK,Wibble201
dhb80k,Unfortunate,,https://i.redd.it/nnhfcjxtibs31.jpg,1570976727.0,221,0.96,10,CasualUK,millsytime
dhaowl,"The waterfall at Jesmond Dene, Newcastle",,https://i.redd.it/wx3zb2veabs31.jpg,1570973891.0,202,0.99,15,CasualUK,[deleted]
dhajms,God bless JB,,https://i.redd.it/qb57cr018bs31.jpg,1570973085.0,443,0.98,42,CasualUK,odiedodie
dha2t1,Who would cross this hill of green must answer me these questions three,,https://i.redd.it/ltmi9etpzas31.jpg,1570970444.0,108,0.98,7,CasualUK,hhrc-1
dh9sia,CITV trying to appeal to a different audience?,,https://i.redd.it/k7hyipcxuas31.jpg,1570968680.0,62,0.85,9,CasualUK,sallowguy
dh9dfj,I wonder why they‚Äôve been struggling to sell it...,,https://i.redd.it/7r8en6urmas31.jpg,1570965938.0,193,1.0,9,CasualUK,CamoCondom
dh8lhg,Police officer I met at an RTC...,[deleted],https://www.reddit.com/r/CasualUK/comments/dh8lhg/police_officer_i_met_at_an_rtc/,1570960430.0,197,0.98,11,CasualUK,[deleted]
dh8c7u,The skids are alright...,,https://i.redd.it/y9lhaamq0as31.jpg,1570958530.0,63,0.94,0,CasualUK,signalstonoise88
dh89hp,This 'Chicken Kebab' travesty....,,https://i.redd.it/ofg92ulvy9s31.jpg,1570957956.0,89,0.94,36,CasualUK,bassplayingmonkey
dh84jg,"My local Tescos Excuse has one equally tiny trolley. There were none in use inside the shop, they just have one. Never seen a trolley so small.",,https://i.redd.it/ordc8sv3w9s31.jpg,1570957006.0,113,0.96,18,CasualUK,CaberTime
dh7yaf,Credit to the bible,,https://i.imgur.com/6bLW2nl.jpg,1570955655.0,835,0.96,10,CasualUK,sinbad-633
dh7tnd,I see your dog on a horse and raise you.,,https://i.redd.it/vbpn8pn5p9s31.jpg,1570954638.0,58,0.92,6,CasualUK,willatpenru
dh7rr5,Never seen Spoons so empty,,https://i.redd.it/k15gqd20o9s31.jpg,1570954248.0,62,0.85,17,CasualUK,robinnhugill
dh7qc6,"As someone who only recently earned their British citizenship, I am proud to engage with the optimum British Rail experience.",,https://i.redd.it/6bjimnt7n9s31.jpg,1570953983.0,22800,0.92,573,CasualUK,Yare_Daze
dh77yk,Remember this Goliath of breakfast TV?,,https://i.redd.it/im0kfzw4b9s31.jpg,1570949916.0,176,0.94,102,CasualUK,Mountbuggery
dh3bif,Free tampons when Liverpool are playing at home,,https://i.imgur.com/BHoxTrk.jpg,1570926175.0,687,0.97,104,CasualUK,richardirons
dh1nhj,"Cleaning out my old room I found a copy of the bible for British children, circa 2001",,https://i.imgur.com/08ibQqK.jpg,1570917889.0,612,0.99,23,CasualUK,UKCSTeacher
dh15jt,"Dog locks car, strands owner outside, cows refuse to help.",,https://v.redd.it/s44tk2rt25s31,1570915506.0,118,0.98,6,CasualUK,Kingbilalkand
dh0yde,Canadians: looks great. Brits: *visibly traumatized*,,https://i.redd.it/zsqtysktd6s31.jpg,1570914560.0,61,0.82,68,CasualUK,[deleted]
dh03k9,"Found these at my local Wegmans (U.S) I definitely overpaid, but it's the literal price I must pay to enjoy these.",,https://i.redd.it/m7hodmfw16s31.jpg,1570910493.0,178,0.95,63,CasualUK,RoslynTaber
dgzcz8,At Leeds today,,https://i.redd.it/foyr6p6gr5s31.jpg,1570906975.0,80,0.91,16,CasualUK,t94afc
dgz9ee,Just a dog on a horse outside a pub.,,https://i.redd.it/zmcb1893q5s31.jpg,1570906522.0,5586,0.99,68,CasualUK,Fuzzyfoot87
dgyoo7,"Lovely open plan, good views, central location",,https://i.redd.it/yr8dkj24i5s31.jpg,1570903836.0,820,0.99,15,CasualUK,[deleted]
dgyadj,Slow Saturday night. I just discovered we grew a duck shaped tomato. Anyone else have similarly hilarious vegetable/fruit pictures to share.,,https://i.redd.it/s8fuyx2pc5s31.jpg,1570902013.0,134,0.96,10,CasualUK,Temuriswig
dgxvku,7:00 on the way to the bus.,,https://i.redd.it/wt91ckj075s31.jpg,1570900105.0,263,0.98,8,CasualUK,al3x_mp4
dgxpbu,At The Needles in the IOW. Never seen a more changeable day on the water.,,https://i.redd.it/j792d3zm45s31.jpg,1570899306.0,93,1.0,4,CasualUK,DatGuyYooNo
dgxkjw,The River Wear taken from my hometown of Washington.,,https://i.redd.it/1ikl0gvq25s31.jpg,1570898675.0,52,1.0,8,CasualUK,mvi12334
dgxia7,I have found the promised land,,https://i.redd.it/7ajbxe5w15s31.jpg,1570898381.0,265,0.97,11,CasualUK,nsefan
dgx3ct,"A series of cascades in Plessey Woods, Northumberland",,https://i.redd.it/7nl3hqp6w4s31.jpg,1570896465.0,147,0.98,27,CasualUK,[deleted]
dgx1ue,That early morning stare üò∂,,https://i.redd.it/58v5gxamv4s31.jpg,1570896270.0,134,0.97,5,CasualUK,ybot0
dgwkzl,The UK welcomes shitty drivers,[deleted],https://i.redd.it/yialehzzo4s31.jpg,1570894044.0,55,0.95,18,CasualUK,[deleted]
dgwchu,Looks like the daily telegraph is looking for a new sports editor,,https://i.imgur.com/Vl7Getd.png,1570892922.0,345,0.98,22,CasualUK,jakpuch
dgvs51,Flower shopping and found this angry girl.,,https://i.redd.it/2xgu7yild4s31.jpg,1570890210.0,167,0.97,15,CasualUK,ccollins1990
dgvnxc,My nan insisted that she needs to take a photo of me sat next to the freshly restored garden table I spent the last 5 hours sanding and varnishing,,https://i.redd.it/773mna9tb4s31.jpg,1570889610.0,688,0.93,60,CasualUK,robinnhugill
dgv4e2,Unique Lovin' glove,,https://i.redd.it/zbritqr734s31.png,1570886718.0,59,0.96,10,CasualUK,[deleted]
dgutji,Aisling Bea explaining Wag War to a confused Paul Rudd,,https://v.redd.it/7xmm7tt8y3s31,1570885085.0,808,0.98,101,CasualUK,professionalcynic1
dgur99,The upside of being caught in a torrential rain shower: a rainbow over Langdale in the Lake District this morning.,,https://imgur.com/PTokWOl,1570884724.0,119,0.98,4,CasualUK,Emsicals
dguhui,Fair play to the Post Office,,https://i.imgur.com/WYIQA6P.jpg,1570883203.0,186,0.99,14,CasualUK,opure450
dgu120,Taken this the other night walking along Blackpool beach,,https://i.redd.it/d82isz18k3s31.jpg,1570880331.0,73,0.99,0,CasualUK,mrlee234
dgtwxx,It's St Helens v Salford tonight,,https://i.imgur.com/guVN71B.jpg,1570879567.0,72,0.99,1,CasualUK,CharleyChester
dgtsbm,"Cornwall is a beautiful place, even when the weather turns bad.",,https://i.redd.it/ypstuqf8f3s31.jpg,1570878697.0,155,0.98,9,CasualUK,hhrc-1
dgtrdk,Salford,[deleted],https://i.redd.it/kz7wp1ewe3s31.jpg,1570878540.0,125,0.97,4,CasualUK,[deleted]
dgtno9,Keep your driving standards low round here boyo,,https://imgur.com/tBA6I6k,1570877910.0,661,0.99,18,CasualUK,garprice05
dgtgz2,Just wow...,,https://i.redd.it/9re5v6y093s31.jpg,1570876606.0,54,0.91,4,CasualUK,postion_not_momentum
dgtcgf,Woke up at 7am and was greeted by this sight in my back garden with near perfect sunlight to match it. Autumn has its moments.,,https://i.redd.it/v0f55vfe63s31.jpg,1570875690.0,248,0.98,7,CasualUK,commander_tealc
dgtb8m,A trip down to work.,[deleted],https://i.redd.it/3nnkw9mo53s31.jpg,1570875441.0,84,0.97,4,CasualUK,[deleted]
dgtb0x,"I can't be the only one who reads this differently, right?",,https://i.redd.it/prz1h2wj53s31.jpg,1570875398.0,54,0.83,14,CasualUK,Briize
dgsvdw,A rare sighting of a 15p Freddo.,,https://i.redd.it/20bzmgwiw2s31.jpg,1570872369.0,288,0.98,31,CasualUK,Bobbington13
dgsmsj,Definitely Not Plagiarising Tours spotted in Wembley,,https://i.redd.it/na2fb8jgr2s31.jpg,1570870660.0,112,0.94,4,CasualUK,leskenobian
dgs0v1,This back alley on bin day in North East England is one of the most beautiful pictures of this country I've ever seen,,https://i.redd.it/crnrsycmd2s31.jpg,1570866003.0,26632,0.91,720,CasualUK,Unkempt27
dgr45w,What's a piece of British slang you cannot stand?,"I absolutely hate the word ""Crem"" (It's popular in Darlington) if you don't know what it is, it's basically ""lush"". I didn't mind it much until my college friend started using it. Now try saying ""The weather is fuckin crem!"" in the strongest Scouse accent you can and you'll understand why I hate it.",https://www.reddit.com/r/CasualUK/comments/dgr45w/whats_a_piece_of_british_slang_you_cannot_stand/,1570859262.0,119,0.98,389,CasualUK,CoffeeSlutt
dgr12e,Every time I use the bathroom!,,https://i.redd.it/3hzljqrrr1s31.jpg,1570858656.0,153,0.98,12,CasualUK,Baldynapper1966
dgnyxn,"Taken from a bar by the river, it's views like this that make me forget why I dislike London",,https://i.imgur.com/KyazakG.jpg,1570841020.0,51,0.93,6,CasualUK,HackyMcHackface
dgmors,I found a tenner in the gutter on my walk home from the shops today. When I got home I also found a Vietnamese 2000 Dong note used as a bookmark in a second-hand book I bought. Net gain: ¬£10.068,,https://i.redd.it/mpt2h0e5szr31.jpg,1570834572.0,151,0.99,18,CasualUK,AnAbyssInMotion
dgkr45,A far more accurate name!,[deleted],https://i.redd.it/luy2c5b21zr31.jpg,1570825464.0,206,0.96,22,CasualUK,[deleted]
dgkqvt,Please be nice to people with shit jobs.,"I work on tills at a shop in a train station, and regularly get treated like shit. I understand you've had a bad day, but I'm also having a bad day. So please don't shout at me when something isn't the price you thought it was. And please don't tel me to shove it up my arse. It hurts. 

This applies to everyone who is working. No one deserves to be shouted at. If there's a problem, kindly ask to speak to a manager/supervisor. It's a lot easier for everyone that way. 

- your local cashier

EDIT: Spelling",https://www.reddit.com/r/CasualUK/comments/dgkqvt/please_be_nice_to_people_with_shit_jobs/,1570825432.0,2332,0.99,245,CasualUK,adam_philip
dgjono,Castlerigg Stone Circle,,https://i.imgur.com/5g3lADS.jpg,1570820711.0,163,0.98,9,CasualUK,Carty75
dgjnx9,My friend found this badge at work today. That's... that's Clarkson isn't it?,,https://i.redd.it/qylzf40omyr31.jpg,1570820618.0,367,0.98,29,CasualUK,Betty_Bottle
dgjgom,British food at its best- Homemade Pakoras,[deleted],https://i.redd.it/cgky723aiyr31.jpg,1570819749.0,221,0.95,55,CasualUK,[deleted]
dgij38,"¬£1.02 refund, which includes 4% interest... Yay!",,https://i.redd.it/vds3mxtj7yr31.jpg,1570815534.0,134,0.99,22,CasualUK,Oriachim
dgier3,"Glad I‚Äôm not going that way, Finchley Road tube now.",,https://i.redd.it/vve4qufx5yr31.jpg,1570814994.0,153,0.99,29,CasualUK,officiallouisgilbert
dghsli,Arty types in Hackney having a pleasant chat and ignoring the massive penis painting.,,https://i.redd.it/gqh9oawmxxr31.jpg,1570812205.0,221,0.95,45,CasualUK,flankie2
dggmfi,Felt quite left out at spoons this morning without my hi-vis,,https://i.redd.it/b1dbfld8ixr31.jpg,1570807020.0,2019,0.99,69,CasualUK,f1l1i1c
dggfqb,I'd say that's an improvement,,https://i.imgur.com/TR3mehh.jpg,1570806204.0,436,0.96,26,CasualUK,andreglud
dgg7bz,Our 14 year old long girl knows that she shouldn't bark in the house. So she whispers instead.,,https://v.redd.it/63fik3jy1xr31,1570805185.0,342,0.97,26,CasualUK,The_Scrunt
dgftfb,ùìõùì∏ùìæùì∞ùì±ùì´ùì∏ùìªùì∏ùìæùì∞ùì±,[deleted],https://i.redd.it/nh2mcuth7xr31.jpg,1570803409.0,12649,0.97,866,CasualUK,[deleted]
dgfk56,Came across this cool log when I was out walking in Yorkshire a few weeks ago. Those are coins hammered into the wood.,,https://i.redd.it/grk52q424xr31.jpg,1570802290.0,91,0.97,24,CasualUK,Fallen_Bubbles
dgfcna,"Any excuse for vodka in the afternoon, courtesy of Waitrose.",,https://i.redd.it/x9gvmmk91xr31.jpg,1570801317.0,67,0.88,22,CasualUK,scareneb
dgf6h8,Took this picture in Cleethorpes yesterday. No edits.,,https://i.redd.it/euwq96ytywr31.jpg,1570800503.0,342,0.98,27,CasualUK,immu_01
dge5u0,Relationship Goals,,https://i.imgur.com/9doiMGk.gifv,1570795410.0,92,0.97,11,CasualUK,supergodmasterforce
dgdfzt,Fun bit of local history: in 1766 the Great Cheese Riot occurred in Nottingham. The Mayor tried to stop it but was unfortunately knocked down by a cheese.,"He found the experience to be quite grating!

[This]
(https://peopleshistreh.files.wordpress.com/2011/06/cheeseriotsebook.pdf) is where I read about it. Not my work but it's a fascinating and entertaining short read.",https://www.reddit.com/r/CasualUK/comments/dgdfzt/fun_bit_of_local_history_in_1766_the_great_cheese/,1570791212.0,58,0.99,6,CasualUK,jamesrwinterton
dgcsd4,"Passed my Cat A riding test! In this shite weather too, woo!",,https://imgur.com/C2mQV5D,1570787072.0,365,0.95,65,CasualUK,eca3617
dgcqpi,Bloody Weather!,,https://i.redd.it/4nbkp7fztvr31.jpg,1570786763.0,131,0.99,11,CasualUK,Micycle4000
dgcnlb,A local nightclub has peaked with this weekend's celebrity guest appearance.,,https://imgur.com/7ahRaDb,1570786217.0,176,0.98,56,CasualUK,funkyjim
dgclt5,My grandparents were called Pearl and Dean but we used to call them Grandma and Grandpapa papa papapa papaaaaa pa,Classic Milton Jones joke that popped into my head. Hope it makes you chuckle as much as I did.,https://www.reddit.com/r/CasualUK/comments/dgclt5/my_grandparents_were_called_pearl_and_dean_but_we/,1570785870.0,150,0.95,22,CasualUK,LMD_5
dgclgv,University students always asking the big questions - Leicester De Montfort campus,,https://i.redd.it/5pm69x06rvr31.jpg,1570785812.0,211,0.98,28,CasualUK,LuxuryLoafer
dgbkez,Thanks local council.,,https://i.redd.it/h2vp170b5vr31.jpg,1570778458.0,130,0.98,14,CasualUK,Funkycreeper_200
dgba5b,"Took a pic I think sums up the British experience. I call it ‚Äòwaiting for a bus that isn‚Äôt coming, in the rain‚Äô",,https://i.redd.it/zuzu61hfzur31.jpg,1570776506.0,24486,0.96,609,CasualUK,pingusbeak
dgb0g9,This is true especially when you‚Äôre at work going for lunch,,https://i.redd.it/6xjingq7uur31.jpg,1570774728.0,454,0.97,50,CasualUK,Jonesy27
dgafwf,The thank fuck it's Friday thread,"Hello bambinos!

Its Friday, and you know what that means! Only one more day of soul crushing work before the weekend.

What are your plans today and over the weekend?

Are you planning on seeing how much fluff you can accumulate in your belly button?

Are you practicing yodelling?

Are you going to eat three different types of potato in all their forms to see which is the best?

Tell us. Tell us now.",https://www.reddit.com/r/CasualUK/comments/dgafwf/the_thank_fuck_its_friday_thread/,1570771109.0,57,0.93,259,CasualUK,jptoc
dg55j1,Literal human egg Claude Littner wearing a fucking hairnet on The Apprentice,,https://i.redd.it/oq0w4ghibsr31.jpg,1570744231.0,111,0.95,7,CasualUK,LifeOnMarsden
dg55ap,Edinburgh in a racing game looks pretty neat,,https://gfycat.com/gloriouswideeyedafricanjacana,1570744200.0,98,0.95,14,CasualUK,Gusfoo
dg4128,I can‚Äôt even try to top this headline. (Article in the comments)!,,https://i.redd.it/4m1ly0rywrr31.jpg,1570739333.0,71,0.94,31,CasualUK,Madamemercury1993
dg3348,Love yourself,,https://i.imgur.com/IfsRKd1.jpg,1570735467.0,74,0.93,9,CasualUK,tjuk
dg2hvp,Greeted by the neighbourhood Crack Fox on my way home from work,,https://i.redd.it/stcf7lcterr31.jpg,1570733230.0,1112,0.99,50,CasualUK,loppington
dg1fqb,"I'm not sure the Slug &amp; Lettuce understand how a ""job"" works",,https://i.redd.it/sd7wjoef1rr31.jpg,1570728767.0,371,0.96,41,CasualUK,VodkaMargarine
dg1ecq,Massive loner here with no confidence - do ppl play pool in pubs/pool clubs alone?,"As the title says I'm a loner etc. with no self confidence.

Just wondering if ppl go into pubs or even pool clubs alone and just play on their own? Is that acceptable or will I just look like more of a loner than I already am?

Never even been into a pub etc alone but at 32 realised I need to get out into the world as being alone is getting harder and harder each day. . Or at least try as it absolutely terrifies me.

I'm thinking if I play pool at least there is the chance of striking up a conversation or something?

&amp;#x200B;

Thanks for any replies.

&amp;#x200B;

EDIT: Thank you everyone for replying. Really has given me a lot of positive stuff to think about. Really appreciate you taking the time here. Definately goong to try it...soon...ish !",https://www.reddit.com/r/CasualUK/comments/dg1ecq/massive_loner_here_with_no_confidence_do_ppl_play/,1570728601.0,74,0.93,47,CasualUK,dawson2000a
dg1c7q,Peter Andre sure looks different these days.,[deleted],https://i.redd.it/q3d4269a0rr31.jpg,1570728343.0,141,0.96,7,CasualUK,[deleted]
dg190q,Always preferred 3D pinball myself,,https://i.redd.it/egu184f5zqr31.jpg,1570727982.0,1510,0.96,102,CasualUK,MellotronSymphony
dg180g,They've started selling fake fucking earphones to as jewellery,,https://i.imgur.com/cUa6pDq.jpg,1570727871.0,448,0.98,127,CasualUK,RoryC
dg0698,Found this note book from 1861 in my basement buried under dirt. Also found a coin from 1905!,[deleted],https://i.imgur.com/9U4ertU.jpg,1570723487.0,706,0.99,82,CasualUK,[deleted]
dg00o5,"Work it, you mad cone-wearing motherfucker",,https://i.redd.it/9002fq9xjqr31.jpg,1570722841.0,91,0.96,10,CasualUK,FloopersRetreat
dfz2hh,Who hurt you mate?,,https://i.redd.it/2qa18qp28qr31.jpg,1570718858.0,91,0.94,4,CasualUK,americagiveup
dfyowm,Complete bastard claims the Euromillions win,,https://www.bbc.co.uk/news/uk-50004518,1570717234.0,186,0.97,57,CasualUK,potentialspecial45
dfy8q2,British Airways launch new super economy seats in effort to compete with budget airlines,,https://i.redd.it/q2hkwlozwpr31.jpg,1570715209.0,259,0.99,29,CasualUK,sonicandfffan
dfy1de,An ‚Äúarmed‚Äù robber was forced to buy a 99p cheeseburger so staff could open the till at the McDonald‚Äôs he was attempting to rob.,[deleted],https://uk.news.yahoo.com/armed-robber-forced-to-buy-cheeseburger-so-mc-donalds-staff-could-open-the-till-135735705.html?guccounter=1&amp;guce_referrer=ahr0chm6ly93d3cucmvkzgl0lmnvbs9yl2jhzhvuaxrlzgtpbmdkb20vy29tbwvudhmvzgz3nmxil2fybwvkx3jvymjlcl9mb3jjzwrfdg9fynv5x2nozwvzzwj1cmdlcl9zby8&amp;guce_referrer_sig=aqaaahuw4x_dgm1cxbk_m3cthjc1adozyxr549kwf5hzggvhbq1ze11-3agtfon4auac8y8mhjdf-_uvojo9n8ypec8wi1z6juyvm-8vzsznolsgat-cfko1-hnbmsw_me3qsxdzrljcnepxj4skqjv4c9cyua9dzusmdjxxkgj6pbyw,1570714245.0,64,0.97,5,CasualUK,[deleted]
dfxui5,Your Name? | A Bit Of Fry And Laurie | BBC,,https://www.youtube.com/watch?v=nq-dchJPXGA,1570713289.0,60,0.97,8,CasualUK,dog_antenna
dfxg84,Guy falls asleep in an Uber going from Fulham to Croydon - a 45 min journey. Wakes up in the midlands 5 hrs later with a ¬£1453.86 bill. Uber refusing to refund.,[deleted],https://twitter.com/Plastician/status/1182234740511985664,1570711302.0,240,0.98,55,CasualUK,[deleted]
dfx0fc,Look how they massacred our boys!!,,https://i.redd.it/0laskxtugir31.jpg,1570709049.0,82,0.92,7,CasualUK,NoopeNotTaken_
dfwznr,Scarborough Beach. Back when the weather was good!,,https://i.redd.it/qlc79p4mepr31.jpg,1570708948.0,76,0.98,12,CasualUK,SkyValleyVideo
dfwzi7,My dad put out a hedgehog house a week ago and had his first visitor last night,,https://v.redd.it/xt6hedtcepr31,1570708930.0,338,0.99,18,CasualUK,Frogboffin
dfwkne,"UK, I ate the brown meat. [Update]","I'm sure you're all wanting to know if I died, shat myself, vomited out of my eyes: Well dear reader, read on...  

The meat seemed sealed in the plastic container, but as many of you said the brown-ness is a sign of it being exposed to air. I unpackaged it and disposed of the juice collecting meat nappy. I was warned not to eat it if it smelled vinegary or had a waxy appearance. *It had both.*  

I know, I know. I shouldn't have, but I thought ""What's the worst that can happen?""  

One commenter suggested that if I cooked the meat thoroughly I'd be fine. So with that in mind I popped a little olive oil in to a tall pan, squished the brown meat between my fingers to break it in to chunks, and popped it in the pan.  

The smell grew worse as the mixture of hot oil and steam allowed it's pungent aroma to fill my nostrils.  I persevered, popping the pan lid on to ""seal in the flavour"".  

After 5 or so minutes on high heat, I removed the lid to see how it was cooking. It was still brown. Maybe it was cooked, maybe it was not. There was no way of telling.  

I pushed on, adding garlic, onions, tomato paste, jalapenos, a squeeze of lemon juice and some cream cheese. I stirred, seasoned with salt and black pepper and popped the lid back on. I turned down the heat and left it for a further 15-20 minutes, occasionally stirring to avoid it sticking to the bottom of the pan. The sauce thickened, possibly a little too much, and then came the time to try it.  

Dunking a teaspoon in to the red-ish sauce, I brought it up to my nose. No foul scent. Good. A few blows on the teaspoon and I slurped it in to my mouth. It was too hot to taste. I gulped it down and tried again. This time blowing for at least 30 seconds. I held the sauce in my mouth for a few seconds, letting the saltiness roll around my tongue, then came the sweetness of the tomatoes and the warmth of the black pepper.  

It was... OK.

I decided to press on and try some meat. Double dipping the teaspoon (don't worry, I live alone), I tried to fish out a slither of brown meat. I lifted it up to my face and inspected it closely. No smell. No waxiness. Hmm, do I?  

I did. Popped it in my mouth and took a few slow chews.  

It was... OK.

I waited a few minutes to see if there was an instant reaction after eating this small morsel of meat. Anticipating scenes from Guest House Paradiso. Nothing happened. I pressed on.  

Ditching the teaspoon in the sink, I picked up a larger spoon and set to work straining the meat from the sauce as I transferred it to my bowl. I then poured the correct amount of sauce over the meat and retired to the living room to indulge in my poisonous dinner treat.  

It tasted... OK.

The meat was a little chewy, possibly due to the over cooking, but the smell was gone. As was the waxiness.  

**Now to the good part.**  

Around an hour later I felt the urge to use the bathroom. Climbing the stairs, my stomach grumbled a little.  

Reaching the porcelain throne, I sat down and... it was just a pee and a fart. Disappointment.  

Ah well, back down stairs for more TV. I went to bed a few hours later and slept quite well, besides some wildly erotic dreams. Maybe these can be attributed to the meat, maybe not.  

The next morning, I awoke in bed. I felt a weight pushing down on my lower abdomen. It was time. I got up and immediately felt my insides shift. Off to the throne once more. Sitting on the cold seat, in a cold bathroom, on a cold morning. I pooped. Just a normal poop. No firmer or softer than previous poops. Disappointment.   

And that's it. I didn't poop myself, vomit out of my eyes, or anything nasty.  

Here is the offending meat in it's cooked form: https://imgur.com/a/ISZL5yw

Now, there is still half a pan sitting in my fridge.  

**Do I go for round two, heat it up and have it for tea tonight?**  

Edit: Thanks for making this an announcement XD",https://www.reddit.com/r/CasualUK/comments/dfwkne/uk_i_ate_the_brown_meat_update/,1570706594.0,149,0.92,74,CasualUK,SEOip
dfwdms,My half arsed fancy dress turned out to be pretty popular last night,,https://i.redd.it/t83sr2q54pr31.jpg,1570705434.0,672,0.94,81,CasualUK,[deleted]
dfw1xa,On my mate's backstreet I witnessed a sight that I'd never seen before...,,https://imgur.com/UhiOafL,1570703463.0,73,0.96,17,CasualUK,Jhamertime
dfvwn6,I think the chippy's telling me something lads,,https://i.redd.it/kvnzdkxgvor31.jpg,1570702513.0,124,0.94,21,CasualUK,aquatic_crisis
dfvqrr,Spooky crumpets from Iceland,,https://i.redd.it/0flz477esor31.jpg,1570701476.0,66,0.92,5,CasualUK,Adcro
dfv7f1,"I don‚Äôt think the cafe this morning could make up their mind as to cut my toast into oblongs or triangles, so they gave me both!",,https://i.redd.it/pxtwurwehor31.jpg,1570697785.0,93,0.97,30,CasualUK,tinlid5171
dfv1wt,"Had my theory test this morning. Didn‚Äôt sleep at all last night because I was so nervous, got up today and smashed it. Well chuffed! Now to go back to bed...",,https://i.redd.it/sbc5tgizdor31.jpg,1570696632.0,220,0.92,57,CasualUK,Flight-or-Fight
dfuod2,Me paintin better than me spellin,,https://i.imgur.com/FoRiWya.jpg,1570693775.0,75,0.94,11,CasualUK,thomasthetanker
dfuijz,Dawn breaking through heavy clouds in Cornwall,,https://i.redd.it/o6kx6rku1or31.jpg,1570692573.0,118,1.0,7,CasualUK,rejirongon
dfu8y6,"Today‚Äôs forecast, in a UK shaped puddle",,https://i.redd.it/40rm1w6ownr31.jpg,1570690810.0,19934,0.94,256,CasualUK,Joshp1471
dfu88j,Boy gets finger stuck in bucket,,https://i.redd.it/7bfujpj4wnr31.png,1570690690.0,313,0.96,25,CasualUK,quinn_drummer
dft836,We live in California and we just received this box of candy from my wife‚Äôs brother who live in Norwich.,,https://i.redd.it/fxrrrrdncnr31.jpg,1570684083.0,254,0.93,102,CasualUK,vufibehor
dfryu2,I feel this needs to find its home here. All we need is a ‚Äònice sit down‚Äô and the holy trinity is complete,,https://i.redd.it/vd2txasy7lr31.jpg,1570676817.0,88,0.99,6,CasualUK,scraplog
dfqyzr,Suck a big fat hairy toe,,https://i.redd.it/0rozu3toglr31.jpg,1570671589.0,90,0.92,23,CasualUK,AlkalineTea2751
dfp8ay,Is it just me or does the swagger of these goats remind yous of Kevin &amp; Perry?!,[deleted],https://i.redd.it/on9xm0xbeir31.gif,1570663127.0,57,0.97,4,CasualUK,[deleted]
dfp7fw,"Anyone else love Viz ""letters""?",,https://i.redd.it/n6tf6ygzllr31.png,1570663011.0,272,0.96,12,CasualUK,Truthamania
dfof4g,"This rank orange stuff you get when you leave your squash too long, anyone know what it‚Äôs called or even what it is? If it doesn‚Äôt have a name I want to call it Squegma (squash smegma)",,https://i.imgur.com/A0wHjTm.jpg,1570659500.0,56,0.93,14,CasualUK,[deleted]
dfng3b,"This hedgehog and their partner seem to come into my garden every night, what can I feed them?",,https://i.redd.it/9rkw5h34zkr31.jpg,1570655308.0,64,0.98,28,CasualUK,FlintyMachinima
dfmum0,"Meanwhile, in Blackburn, Lancashire.",,https://i.redd.it/q7qiqf3prkr31.jpg,1570652814.0,120,0.96,23,CasualUK,[deleted]
dfmdo6,Inspirational words on the pub toilet wall,,https://i.redd.it/rmnu34cmlkr31.jpg,1570650773.0,63,0.95,1,CasualUK,sonofeast11
dfm8ku,"A donut, but made from IRN BRU",[deleted],https://v.redd.it/lz3jabskjkr31,1570650164.0,70,0.87,11,CasualUK,[deleted]
dfm3pv,The Apprentice Week Two: Ice Cream,"Welcome back to the Apprentice live threads, set to have more drama than Christmas this year when the Vardys invite the Rooneys over.

Last week they all went to South Africa and the boys fucked it because they didn't fill out their tour, even though their tour was far better. Somehow, none of the girls guests asked for a refund. How the actual fuck that happened when a tour of a vineyard including the wine cellar *couldn't find the fucking wine cellar* is beyond me.

Needless to say, there were tantrums and accusations flying amongst the girls in the board room, accompanied by smug looks from the boys before they found out they'd lost.

The prize last week? They got to see the house first. How shit is that?

I can't remember who the PM was for the girls team, but they were wank either way.

This week they're making ice cream, and if Kenny Ngoma doesn't PM it he should be fired on the spot.

The contestants:
-

Name| Age| Occupation| PM Count|Twat?| Week Out
---|---|----|----|----|----|----
Dean Ahmad|20|Owner, Sports Management Agency|-|Yes|- 
Scarlett Allen-Horton|32|Owner, Recruitment Company|1|Yes|- 
Jemelin Artigas|34|Network Marketing Consultant|-|Yes|- 
Souleyman Bah|20|Motivational Speaker|-|Yes|- 
Lewis Ellis|28|Digital Marking PM|1|Yes|- 
Lubna Farhan|33|Finance Manager|-|Yes|- 
Riyonn Farsad|30|Events Manager|-|Yes|- 
~~Shahin Hassan~~|36|Engineer|-|Yes|1
Pamela Laird|29|Owner, Beauty Brand|-|Yes|- 
Carina Lepore|30|Owner, Artisan Bakery|-|Yes|- 
Lottie Lion|19|Librarian|-|Mega twat|- 
Ryan-Mark Parsons|19|Luxury Womenswear Consultant|-|Poncey twat|- 
Iasha Masood|27|Account Manager|-|Yes|- 
Kenna Ngoma|24|Owner, Ice Cream Company|-|Yes|- 
Marianne Rawlins|36|Owner, Risk Management Consultancy|-|Yes|- 
Thomas Skinner|28|Owner, Pillow Company|-|Aggro twat|-",https://www.reddit.com/r/CasualUK/comments/dfm3pv/the_apprentice_week_two_ice_cream/,1570649593.0,61,0.89,672,CasualUK,jptoc
dfls8d,Thanks to CasualUK for keeping me company last week while my dad was dying. He passed away last night.,"Previous thread:  [https://www.reddit.com/r/CasualUK/comments/dbgqeb/im\_on\_my\_own\_in\_a\_premier\_inn\_in\_luton\_while\_my/](https://www.reddit.com/r/CasualUK/comments/dbgqeb/im_on_my_own_in_a_premier_inn_in_luton_while_my/) 

&amp;#x200B;

You were all very kind, and really helped. Thank you.",https://www.reddit.com/r/CasualUK/comments/dfls8d/thanks_to_casualuk_for_keeping_me_company_last/,1570648228.0,740,0.96,78,CasualUK,mrsfran
dfl3wy,Postman Pat is a drain on Royal Mail,"After watching a few episodes of Postman Pat the past few days I think he may be the sole reason for Royal Mail is in the state that its in, nevermind mismanagement or electronic communications taking over.

I've got no idea how anyone can keep a job for 35 years while being so incompetent. I'm surprised he made it past his probationary period with his ability to totally fuck up even the simplest of tasks on a daily basis. 

In the first one I watched recently he had some eggs to deliver to the school because they were about to hatch (I'll overlook the lack of an incubator for the eggs and the doubt I have that Pat has a licence for transporting livestock). Anyway Jess does a runner (more on Jess later), so Pat decides to to put the eggs down for a minute to give chase. Where does Greendale's favourite postman put them? On a convinent stall that is selling fucking eggs! And of course these eggs get sold to some innocent passerby hungry for his bacon and eggs, with no clue about the small chickens inside. Pat has to spend a whole fucking day trying to find who purchased the eggs like some kind of Agathe Cristie thriller/mystery 
! If he just kept a hold of them for the 10 seconds it took to find the fleabag or put them down literally anywhere else in the world, the whole delivery job would have taken him 5 minuted max given the size of the village. Realistically since there are only a handful of people who love there anyway it couldn't have been that hard to track down the accidental parcel stealer, he's just milking every tiny setback so he can continue to do fuck all like he's used to. 

Another blatant display of his incompetence was an episode where he had to deliver a film canister. Patrick goes to the Greendale depot and takes out a massive van, for this microscopic parcel! He has a moped, I wouldn't that be a much more sensible option for this delivery? 

Speaking of his massive van, looking on Wikipedia he now has eight different post delivery vehicles! Eight vehicles for a tiny village, I said that Pat was Greendale's favourite postman before, but you have to understand this was in jest because he's the only one. If they had the choice between Harold Shipman and Pat Clifton I'm not sure which one I'd chose to be honest! How can Royal Mail justify eight different vehicles for a village with a single postman? He can only drive a one at a time! Each one also has a personal number plate, I refuse to belive this is an acceptable expenditure. I can only image that Greendale Post Office is in some kind of budget black hole where they've gave them a huge pile of money by accident and whoever oversees the budget decided to try and spend it all before anyone higher up noticed. 

Note that I didn't say he had 8 cars or vans, it's 8 vehicles. The evidence that they've tried to spend as much as possible is in the fact that one of the options Pat has to deliver the post is a bloody helicopter! How many small villages have helipads? I've got no idea how a whirlybird would ever be appropriate to transport a single parcel less than a mile, but I digress. Surely if the very specific circumstances ever popped up that the most appropriate vessel was a chopper being the best option for delivery, chartering one every blue moon would be far cheaper than buying a whole helicopter for one villages Post Office. I'm not sure of they put Pat through his Pilots licence on the off chance that he'd have to fly one day, or if it's a hobby of his. One day he's going to die in a mangled fireball of a helicopter crash taking Ted with him. 

And it's unhygienic and dangerous to have Jess in his van all day. Not only for the fact that one of the people on his route could be allergic to animal hair but the amount of time Jess escapes I'm surprised she's not ended up under the wheels of one of Pat's eight vehicles. And I've never saw Jesse's litter tray. All his vans must be filled with cat shit. 

With the size of the village I'm surprised he even gets a uniform, I'm sure he'd be able to finish his rounds in less than 10 minutes if he didn't balls things up so often or get distracted helping the kids in the school with their science projects. Which I'm sure he never clocks out for. My tax money paying a postman a full time wage to help a farmer's tractor get out of a ditch? How is that fair. 

He's now in the Special Delivery Service part of the Post Office which I'm sure costs a fuck ton to useand guarantees delivery at a certain time. I wouldn't be happy if my kidney got here 3 days late because Pat was busy cleaning his cats ares after it fell in a muddy puddle. I have no idea how the villagers receive their bills and stuff since he's the only postman they've got and he's 'busy' messing around trying to deliver all these parcels that take hours to get anywhere. 

Budget concerns, unable to perform his job with an ounce of competency, wasting time on the job? Patrick Clifton, you have made an enemy out of me, and I think I'll use UPS if I ever have to deliver anything to the little village of Greendale as I can't trust you with delivering a leaflet, never mind getting the pills Mrs Goggins has to order from the dark Web because the NHS have closed the local doctors surgery.

Edit: OK time to be a massive hypocritical bastard (becuase I'm not a fan of when other people do this) and say thanks to everyone for the awards and anyone who chipped in with lovely comments about how this gave you a chuckle, or brightened your day. In a somewhat ironic in the style of alannis Morissette way, brightening your day has brightend my day, so thanks for all your thanks",https://www.reddit.com/r/CasualUK/comments/dfl3wy/postman_pat_is_a_drain_on_royal_mail/,1570645378.0,1608,0.99,140,CasualUK,roidweiser
dfkhfx,Greggs give me this in change instead of ¬£1,,https://i.redd.it/l7hzrurnxjr31.jpg,1570642716.0,640,0.99,93,CasualUK,AntiSocialMackerel
dfk77i,This bloke has stolen Richard Ayoade‚Äôs voice,,https://v.redd.it/t2eejfixtjr31,1570641510.0,6374,0.98,138,CasualUK,[deleted]
dfk1w9,Let's start a petition to bring back these bad boys,,https://i.redd.it/k54ud9r7sjr31.jpg,1570640880.0,333,0.92,54,CasualUK,peachyallie
dfjr4u,The Midlands ain't all bad,[deleted],https://i.redd.it/g69x9l6gojr31.jpg,1570639619.0,177,0.93,62,CasualUK,[deleted]
dfjr43,These littering ads make it seem like they're targeting people with obnoxious number plates,,https://i.redd.it/as4b2ctdojr31.png,1570639616.0,159,0.99,12,CasualUK,[deleted]
dfjggw,NASA‚Äôs photo of the UK at night.,[deleted],https://i.redd.it/ys0xgogqkjr31.jpg,1570638364.0,690,0.99,71,CasualUK,[deleted]
dfj2va,It‚Äôs all kicking off in Charlton,,https://i.redd.it/wol8fk43gjr31.jpg,1570636802.0,1163,0.99,44,CasualUK,lastaccountgotlocked
dfird8,If only he knew that there are 100‚Äôs of girls in his area that are waiting to meet him.,,https://i.redd.it/f6hfuypzbjr31.jpg,1570635424.0,665,0.96,38,CasualUK,kiddsky
dfi8wz,Thousands of Irn-Bru fans join plan to storm Barr factory for original recipe,,https://www.dailyrecord.co.uk/news/scottish-news/thousands-irn-bru-fans-join-20543301,1570633241.0,76,0.96,9,CasualUK,featurenotabug
dfhiuc,"Seen near Sloane Street, London. If you are going to cross the street do it in style.",,https://v.redd.it/oqjpnp1suir31,1570629980.0,101,0.96,32,CasualUK,Blackrat62
dfh4za,[OC] When you see a number plate that's thousands times worth more than the car it's on...,,https://imgur.com/NTx6QH1,1570628152.0,201,0.99,55,CasualUK,Eddles999
dfg2vp,"ive just been rejected from a job because im ""over qualified""","sorry for the rant but WTF does that even mean!? how is that a thing....

im not bragging or anything but the guy on the phone said ""you scored 98% on our tests, we are used to 60% and usually go for  closer to that""


I know i didnt loose out to another candidate because the job was un-advertised and i was the only person interviewed.

wtf does ""over qualified"" even mean... ive been made redundant and just need a fucking job :(",https://www.reddit.com/r/CasualUK/comments/dfg2vp/ive_just_been_rejected_from_a_job_because_im_over/,1570622841.0,61,0.93,51,CasualUK,cactusdan94
dff15z,"My mate got a packet of cheese and onion Squares with no crisps, just flavour",,https://i.redd.it/w7tic376rhr31.jpg,1570616316.0,173,1.0,46,CasualUK,greygumshield
dfey1u,WAG WAR- Rebekah Vardy has been selling private stories about Coleen Rooney to The Sun,,https://i.redd.it/s3y4pi5bphr31.png,1570615724.0,1348,0.98,305,CasualUK,SwissJAmes
dfeuqn,The joker movie we deserve,,https://i.redd.it/ulsj96janhr31.jpg,1570615104.0,142,0.9,14,CasualUK,professionalcynic1
dferwl,When your two loves in life are maths and crime.,,https://i.redd.it/3tlhqfvrlhr31.jpg,1570614524.0,78,0.93,15,CasualUK,Mulletboiiii
dfegmj,Accidentally went to Spoons dressed as a plate.,[deleted],https://i.redd.it/grtsdr4uehr31.jpg,1570612198.0,306,0.95,19,CasualUK,[deleted]
dfefr3,Does anyone else have a compulsion to turn most meals in to a sandwich?,"Breakfast... Comes with toast... Put that egg and bacon in the toast, fold. Sandwich. Bread on the side of anything.anhthing in the bread, fold. Sandwich. 

I don't even realise I am doing it half the time.",https://www.reddit.com/r/CasualUK/comments/dfefr3/does_anyone_else_have_a_compulsion_to_turn_most/,1570612025.0,53,0.93,51,CasualUK,JayneLut
dfefpo,"I like this rock. I hope you also like this rock. Brighton, UK",,https://i.redd.it/atwjh3ndehr31.jpg,1570612015.0,229,0.96,54,CasualUK,NormanMcNormanton
dfe8mh,Doing what I can in the states.,,https://i.redd.it/pjlpxrnz9hr31.jpg,1570610537.0,72,0.93,51,CasualUK,gotfoundout
dfe4ca,"Biff and Chip before they were Biff and Chip! Chip looks more like Kipper, and Biff‚Äôs face isn‚Äôt hers. Book published in 1986 (my son brought it home from school today)",,https://i.redd.it/fs25kdb77hr31.jpg,1570609604.0,77,0.96,14,CasualUK,pinkandpluffy
dfdzi2,Well thank goodness for that. The best news I could have hoped for.,,https://i.redd.it/313cxbx04hr31.jpg,1570608572.0,105,0.99,40,CasualUK,[deleted]
dfdwrc,These bogs in Liverpool are Grade 1 listed. Where‚Äôs the best public toilet you‚Äôve used?,,https://i.redd.it/1lwpz6ze2hr31.jpg,1570607991.0,127,0.99,57,CasualUK,lastaccountgotlocked
dfdkc8,My sisters cat is crazy and attacks delivery drivers. No parcels for her! üòæüòπ,,https://i.redd.it/4htrchw0vgr31.jpg,1570605506.0,555,0.98,59,CasualUK,padmansana
dfd7xq,A touching moment between a Scottish Piper and a traditional African drummer as they play together in Edinburgh. It was a beautiful display of humanity but unfortunately it sounded like a cat being kicked down a flight of wooden stairs.,,https://i.redd.it/fymj6kohogr31.jpg,1570603310.0,41204,0.95,445,CasualUK,whisssaat
dfd4in,Just moved into a place with a conservatory - urban foxes now seem a lot more sinister,,https://i.redd.it/igzia91omgr31.jpg,1570602694.0,301,1.0,24,CasualUK,Scrambledme
dfczvp,"My mate somehow didn‚Äôt completely spill it all, then ‚Äòhelp‚Äô arrives. I can‚Äôt stop watching.",,https://v.redd.it/cxaryrwsjgr31,1570601886.0,161,0.98,14,CasualUK,quosh
dfcfa8,Since it's getting colder I made the cats a shack. Made from an old chicken coop and pallets,,https://imgur.com/QSnl780,1570598219.0,459,0.99,42,CasualUK,Tree-House-Tom
df759h,"Having not checked the Euro Lottery results yet, I am currently schrodinger's millionaire and I'm going to keep it that way until tomorrow.",Beers are on me!,https://www.reddit.com/r/CasualUK/comments/df759h/having_not_checked_the_euro_lottery_results_yet_i/,1570572281.0,243,0.99,40,CasualUK,Barphotography
df6hcs,Can I get a quote on the Finsbury Park flooding?,,https://imgur.com/dlxUK7G,1570569586.0,1302,0.99,29,CasualUK,RodDryfist
df5cj0,Banksy‚Äôs security staff in Croydon are dressed as old department store handymen.,,https://i.redd.it/o57x40lgidr31.jpg,1570564959.0,93,0.97,10,CasualUK,6to8design
df4b72,Got an indecent proposal from Amazon.,,https://i.redd.it/ewtyer455dr31.jpg,1570560479.0,174,0.98,4,CasualUK,[deleted]
df2uey,Proof readers were not on the ball in the Guernsey Press today,,https://imgur.com/gZnpf8g,1570554123.0,271,0.99,15,CasualUK,JoshGSY
df2rm4,"Sorry, I didn‚Äôt quite catch your name?",[deleted],https://i.redd.it/rh7j0jb8lcr31.jpg,1570553783.0,124,0.98,20,CasualUK,[deleted]
df2fru,An ASDA delivery team have trapped themselves in a field behind my house.,,https://v.redd.it/s2qc4jxsgcr31,1570552344.0,310,0.97,26,CasualUK,Tyafastics
df20xf,The businesses on Coronation Street are marked on Google Maps as though they're real.,,https://imgur.com/qmGtu1F,1570550585.0,82,0.94,7,CasualUK,SquireBev
df1vg0,So I got home from uni today to find my housemates said they‚Äôve heard a bang... our kitchen celling collapsed,,https://i.imgur.com/Swd9XZW.jpg,1570549949.0,77,0.95,18,CasualUK,Captaincadet
df1s0r,"""Ding dong""",,https://i.redd.it/sitq4yum8cr31.jpg,1570549548.0,820,0.98,14,CasualUK,TopMurph
df18mo,Decided to skip the transit and take the walkway to the B gates at Heathrow T5. It looks like something out of a sci-fi movie.,,https://i.redd.it/z7hisj0o1cr31.jpg,1570547204.0,112,0.96,13,CasualUK,dplayer00
df13br,Sunrise yesterday,,https://i.redd.it/a7cw5ritzbr31.jpg,1570546583.0,82,0.95,1,CasualUK,gorobloso
df0jjr,I think my supermarket might be in a rough area...,,https://i.redd.it/tz8ka138sbr31.png,1570544089.0,367,0.97,16,CasualUK,maestrojv
deyxzn,"Seems like a good place to work but alas, no Cheese Friday...",,https://i.imgur.com/tHSTL5B.png,1570535954.0,156,0.98,15,CasualUK,[deleted]
deyvyi,"Girlfriend works at a GP surgery, got this from her mate on reception...",,https://i.imgur.com/a0nphyR.png,1570535608.0,242,0.98,22,CasualUK,MrPatch
deykia,Somebody rolled out the carpet for my arrival at the bus stop,,https://i.imgur.com/bMSJxqS.jpg,1570533686.0,82,0.98,12,CasualUK,beagio
deydkh,Northern Rail getting emotional this afternoon,[deleted],https://i.redd.it/di8euy7xtar31.jpg,1570532494.0,275,0.96,36,CasualUK,[deleted]
deybcz,"Sunshine to the left, sunshine to the right - and a thin strip of raincloud to consecrate Manchester specifically. Bless.",,https://i.redd.it/j8joiwynsar31.jpg,1570532077.0,89,0.95,9,CasualUK,ChocLife
dey717,Watched a bunch of people get their karma for standing over the yellow line,"Edit: (Nobody dies)

So my pet peeve is people who stand over the yellow line at train stations. It gets me *unnecessarily wound up*.

I can understand it at busier stations where it means you‚Äôd get on the train first, but the station I commute from is reasonably quiet and the trains are reasonably empty, so standing over the line makes absolutely zero difference to anything other than that they‚Äôre stood right next to the track while trains fly past.

It seems like an unnecessary increase in risk for absolutely no reward at all, but there are *always* people defiantly standing over the line even after being yelled at by staff to get back. Once I even saw a guy just step one foot back (leaving the other leg stretched out over the line) just so he could remain cool and over the line. These are grown men in suits on their way to their big boy jobs in the city, so I‚Äôm dumbfounded at how incredibly childish they are at *insisting* on being over that line. Maybe they think they‚Äôre better than everyone else? Maybe it‚Äôs the only thing they have any control over in their lives? Either way it‚Äôs daft.

Anyway that‚Äôs my rant and my justification, now for the satisfying bit: Yesterday the staff yelled at them all to get back behind the line and like usual they all stood their ground like defiant children, and the train that passed was a freight train with one of the carriages spraying water out the side with just enough force to soak only the people over the line.

It was quite fun to watch them all look around confused and angry at how this could have happened *to them*.

Tl;dr idiots refusing to step back behind the line got covered in water for doing so.",https://www.reddit.com/r/CasualUK/comments/dey717/watched_a_bunch_of_people_get_their_karma_for/,1570531251.0,455,0.96,60,CasualUK,MrBran4
dey5f2,"If your having a bad day, just remember i had to wake up to this after the eldest and youngest went on a painting spree. Paint and Footprints EVERYWHERE.",,https://i.redd.it/zir7juk9par31.jpg,1570530938.0,893,0.97,108,CasualUK,[deleted]
dey4it,"I hate it when people leave litter on the train, but surely you‚Äôd think twice about tagging it with your name and address? Becca.",[deleted],https://i.redd.it/9n22835soar31.jpg,1570530764.0,435,0.99,42,CasualUK,[deleted]
dexmlu,I was walking to the bus this morning and the road erupted behind me.,,https://v.redd.it/y90b06b4ear31,1570527195.0,378,0.98,56,CasualUK,R6S9
dexehp,Whatever happened to bendy buses?,[deleted],https://i.redd.it/b13yng749ar31.jpg,1570525496.0,125,0.99,76,CasualUK,[deleted]
dex9pw,Why do the Royal Mail always try to deliver a package when I am taking a dump?,"Honestly it‚Äôs every single time, you‚Äôd think I would learn but no",https://www.reddit.com/r/CasualUK/comments/dex9pw/why_do_the_royal_mail_always_try_to_deliver_a/,1570524436.0,76,0.96,14,CasualUK,sabatallica
dex9f3,"The Crooked House is the wonkiest pub in Britain, where the pints slide out of control and nothing makes sense",[deleted],https://v.redd.it/0nt365qn5ar31,1570524367.0,1354,0.92,107,CasualUK,[deleted]
deww71,"Had some extra time this morning so thought I‚Äôd get a Starbucks on the way to work, turns out their drive-thru microphone is broken but there‚Äôs no way to leave the queue once you‚Äôre in it, I‚Äôm now running really late",,https://i.redd.it/asbkt0xax9r31.jpg,1570521530.0,132,0.98,30,CasualUK,OliviaAmazing
dewok7,Watching the Day shift staff pulling into the car park this morning and knowing that I'll be in bed in an hour. I love Night shifts,,https://i.redd.it/e9a41b8ar9r31.jpg,1570519839.0,208,0.95,32,CasualUK,crikcet37
dewoiu,Just a quick casual reminder that there are a select few vehicles being targeted by thieves across the UK right now and you need to be vigilant.,"A good friend of mine has just had his BMW M240i stolen and I know these as well as Mercedes AMG and Audi RS cars are also being targeted by these gangs and groups. 

Nothing clever or any 'hacking' going on here, it was a simple case of smashing in his window and taking the keys while he was in bed. They were in and out in a matter of seconds and he got out the front door just in time to see his car speed off. 

Last month I attended a wedding where the groom came out in the morning to find his brand new Audi RS4 had gone missing. CCTV showed a guy in a mask walk straight in to an unmanned reception, get his room key and go get the keys while they were all partying away in the function room. 

Both occasions were in very quiet, countryside locations. 

Being the driver of one of these types of cars I have taken the following measures to avoid this happening and would advise anyone with  **any car** to do the same. 


* Steering wheel lock (very cost effective and a great deterrent. Just keep the key separate from your car key or buy a coded one)

* Lock box in the house for your keys (hide it inside a cupboard if needs be)

* Security pole on your driveway (only applicable if you have a private driveway, more cost involved)

* Security cameras with motion alert (obviously the most expensive but a great deterrent. However your phone can wake you because of a passing cat)

* GPS tracker installed in your car, with accompanying stickers on the windows

Now, I understand nothing is foolproof but anything you can do to make any potential thieves think twice will always help. 

And most importantly, keep yourselves safe!

Edit: In response to all the comments saying the deterrents will just cause the thieves to assault the owner, this is not the case with these thefts. This question was posed to the police in my area who stated that there are zero reports of violence in these thefts and nobody has entered the upstairs of the houses. They are purely opportunity driven and involve the thieves looking for the easy targets. They know full well that any extra things they have to do will lead to an increased chance of them getting caught.",https://www.reddit.com/r/CasualUK/comments/dewoiu/just_a_quick_casual_reminder_that_there_are_a/,1570519829.0,63,0.92,73,CasualUK,26326312
dewk8q,A very pretty morning in South West London,,https://imgur.com/HlN0MIP,1570518880.0,94,0.93,5,CasualUK,Naffel
derf1y,Spoons.,[deleted],https://v.redd.it/u9itfd2af5r31,1570489663.0,70,0.89,10,CasualUK,[deleted]
der5hd,DJ at the local pub. Just no!,,https://i.redd.it/4reym02x67r31.jpg,1570488436.0,80,1.0,9,CasualUK,TelTura
depml3,Drove into a car park without looking at the pricing structure today. The last time I do that.,,https://i.redd.it/fxwaoctym6r31.jpg,1570481726.0,87,0.97,35,CasualUK,JonnyHowson
deorvc,Nice bit of banter at the football,,https://v.redd.it/t6yryzcgc6r31,1570478206.0,71,0.95,11,CasualUK,Jeff-Stelling
deoj27,After seeing it suggested on here last week I now have a custom London underground doorbell,,https://v.redd.it/ta0112xr86r31,1570477177.0,111,0.98,13,CasualUK,Jorrow
deoims,"Little Brother and I got high as shit and went out on the piss last week - haven‚Äôt seen him in years so we sent Ma a selfie, as you do. I‚Äôve gone to me nan‚Äôs house today and she‚Äôs fucking framed it",,https://i.redd.it/6loa5osa96r31.jpg,1570477131.0,24327,0.94,324,CasualUK,Guacamole_Water
denq4a,Has anyone ever actually bought a window from this man?,,https://i.redd.it/3rki7dqaz5r31.jpg,1570473790.0,213,0.96,62,CasualUK,Hessenuk
dennlz,Anyone.. anyone?,,https://i.redd.it/w3ccfawhy5r31.jpg,1570473496.0,1951,0.97,98,CasualUK,TheManAvonyx
den1o3,Pre-broadband digital media - Truly a simpler time,,https://i.redd.it/sqyb4earq5r31.jpg,1570470894.0,113,0.97,40,CasualUK,odiedodie
demshh,Not a bad walk to work this morning.,,https://i.redd.it/6ebqkruhn5r31.jpg,1570469798.0,161,0.96,7,CasualUK,jakejw93
demqsl,An American golfer goes to Ireland,,https://v.redd.it/bo23ooywm5r31,1570469610.0,209,0.97,21,CasualUK,CornedBeefKey
dem5bg,Slowly all the restaurants on my gift card are going bust.,,https://i.redd.it/mbnypijdf5r31.jpg,1570467094.0,172,0.97,59,CasualUK,Char1esMarte1
delzm5,"Yeah please go ahead, oh fuck.","So i was doing some shopping in a well known supermarket that apparently mums all over the UK love. I had a pretty full trolley, stacked to the brim with my two weeks shoping. I get to the tills and of course there is only have one till on. A little old lady who got to the tills just as i did only had a basket with like three things in. So i say ""go on, go ahead its fine"", she goes ahead. Just as i begin to manoeuvre my full trolly to the till another little old man appears just behind me, again with a basket with maybe two things in, so again i say ""do you want to get infront sir, ive got loads here"" he says  ""oh very kind of you you young man, thank you"". Then surely enough a small queue of three maybe four old people starts to form behind me, each with three or four items. So not wanting to look the dick to all of these OAPs i let them all get ahead of me one by one. At this stage im pissed off but i cant show that of course, it wouldnt be british if i did. There is a silver lining however, the staff seemed to take pity on me after seeing the sacrifices i made and opened up another till just for me, i think they realised i was far  too soft to stop this onslaught pay for my fucking shopping. Moral of the story, fuck old people.",https://www.reddit.com/r/CasualUK/comments/delzm5/yeah_please_go_ahead_oh_fuck/,1570466403.0,483,0.96,94,CasualUK,LordREV4N
del5qe,A jam in the local Morrisons,,https://i.redd.it/cxgrzltn25r31.jpg,1570462796.0,808,0.99,64,CasualUK,OFlea
dekwvx,Any guesses what year this gate was last opened ?,,https://i.redd.it/muppev0fz4r31.jpg,1570461723.0,66,0.98,9,CasualUK,[deleted]
dek472,Spotted the Pope yesterday,,https://i.redd.it/ca5ybx2zo4r31.png,1570458187.0,79,0.94,8,CasualUK,[deleted]
dek0ih,Bath Flea Market bringing the heat,,https://i.redd.it/d8khcrggn4r31.png,1570457697.0,516,0.99,41,CasualUK,Demsale
dej9de,Sunrise this morning was pretty amazing,,https://v.redd.it/zlc7w9mgc4r31,1570453986.0,2468,0.99,66,CasualUK,whoreallyknows_
dei8xn,Worlds smallest hovis loaf on my jet2 flight this morning (50p for scale),,https://i.redd.it/7n9xh51xv3r31.jpg,1570448418.0,166,0.96,29,CasualUK,[deleted]
dei88x,Saw a dawn-bow this morning.,,https://i.redd.it/0scpzg0fv3r31.jpg,1570448299.0,289,0.98,7,CasualUK,PorkBolter
degw9r,Greggs Appreciates the Feedback,,https://i.redd.it/vfqbj0fh43r31.jpg,1570439201.0,1916,0.99,39,CasualUK,Knillish
degssw,Sunrise this morning in the North East.,,https://i.redd.it/i3dtq03k23r31.jpg,1570438570.0,61,0.96,0,CasualUK,hawky591
degiwy,Wondered why the seagulls were going nuts.,,https://i.imgur.com/Q9CiW8N.jpg,1570436306.0,116,0.99,9,CasualUK,suexo
degcsl,Double rainbow at southend-on-sea yesterday,,https://i.redd.it/okn2j0ftr2r31.jpg,1570434931.0,59,0.95,1,CasualUK,mgfreema
deg6m4,The most beautiful street in England,,https://i.redd.it/fmnp6d5vn2r31.jpg,1570433601.0,597,0.93,83,CasualUK,[deleted]
defzev,He comes for those who take up seats with their bags.,,https://i.redd.it/er30dsr2i2r31.jpg,1570432067.0,2305,0.99,116,CasualUK,T_raltixx
deflwm,Beautiful sky over the cement works today.,,https://i.redd.it/tquux6gdb2r31.jpg,1570429405.0,90,0.95,5,CasualUK,gaznrea
debdr6,"Cleeve Hill, Gloucestershire. One of the most beautiful places I‚Äôve ever been",,https://i.redd.it/e6m7npyjb0r31.jpg,1570405261.0,110,1.0,11,CasualUK,reaIity
deaxkl,Is this some kind of joke,,https://i.redd.it/1fclmksv40r31.jpg,1570403007.0,137,0.94,6,CasualUK,looloosoosoo
deap9s,At least wait until they are ripe,,https://i.redd.it/lhneznsh10r31.jpg,1570401864.0,484,0.99,30,CasualUK,who-took-the-bomp
deamkc,I REALLY hope there‚Äôs a story behind this PSA in Milton Keynes Ikea,,https://i.redd.it/574q793d00r31.jpg,1570401484.0,73,0.95,20,CasualUK,dutts303
de9fg9,The joys of Tesco! Never a dry eye in there. You can write kn*b too!,,https://i.redd.it/mm5pid37kzq31.jpg,1570396074.0,145,0.96,20,CasualUK,Willluddo123
de9582,Danielle finally gets her big scoop,,https://i.redd.it/z31cqzukgzq31.jpg,1570394829.0,411,1.0,29,CasualUK,stagsleap1
de8mbo,"Got a cherry bakewell without a cherry, an unforgivable crime",,https://i.redd.it/nvb3bak0azq31.jpg,1570392622.0,741,0.98,63,CasualUK,ASliceOfPotato
de8gz6,Love me a good rainbow,[deleted],https://i.redd.it/605giul38zq31.jpg,1570391985.0,109,0.98,8,CasualUK,[deleted]
de6tip,Only in the UK could someone steal the wheels off of a wheely bin!,,https://i.redd.it/xy98h98hnyq31.jpg,1570385042.0,907,0.99,48,CasualUK,arczclan
de6mc9,"Explored Cheddar this weekend, what a place!",,https://i.redd.it/ac29dfnykyq31.jpg,1570384201.0,7044,0.98,209,CasualUK,Sleepyeyesboneyknees
de5zwo,Looks like we‚Äôve gone up a league in garden birds.,,https://i.redd.it/avzt6ybvcyq31.jpg,1570381475.0,445,1.0,44,CasualUK,Nun-Taken
de5rk9,I was chilling on my phone at Wildwood Escot today when I felt something run up my leg and onto my chest. My better half was photographing red squirrels today and amazingly she managed to capture this photo.,,https://i.redd.it/zo2czxl0ayq31.jpg,1570380515.0,1116,0.99,37,CasualUK,cagefreehammer
de5ctt,"This unit went by my station yesterday, thought I was going to get a good video but I accidentally clicked stopped way too soon!",,https://v.redd.it/kpi7ozlj4yq31,1570378709.0,348,0.96,29,CasualUK,[deleted]
de5ak0,I don‚Äôt remember Busted ever saying this,,https://i.redd.it/oi1gbncs3yq31.jpg,1570378423.0,590,0.98,21,CasualUK,docju
de57sq,Love every drop.. The roads are a little flooded today..,,https://i.imgur.com/ugUJnWm.jpg,1570378073.0,253,0.99,13,CasualUK,_SonOfPear_
de5358,Thanks for the warning...,,https://i.redd.it/i7lk7qo11yq31.jpg,1570377520.0,90,0.99,7,CasualUK,Fauxe_y
de501o,Accidentally took a family portrait on my run,,https://i.redd.it/frfo96eszxq31.jpg,1570377110.0,208,0.98,13,CasualUK,ajame5
de4z27,It's getting personal.,[deleted],https://i.redd.it/jduj32sizxq31.jpg,1570376986.0,562,0.99,30,CasualUK,[deleted]
de4ozq,It's officially winter in my house. Stew......,,https://i.redd.it/0xo5zl9rvxq31.jpg,1570375721.0,264,0.96,66,CasualUK,phenson23
de49dz,This birthday card I found,,https://i.imgur.com/rVOC9fK.jpg,1570373694.0,4452,0.99,58,CasualUK,kevinstrange443
de3xf8,Jackpot!,,https://i.redd.it/c2nrh0uukxq31.jpg,1570372057.0,474,0.98,23,CasualUK,Dr_hayandstraw
de3we5,The only thing I asked my mom to bring to me in California from her trip to the UK.,,https://i.redd.it/rr8wh8pyjxq31.jpg,1570371909.0,972,0.98,113,CasualUK,[deleted]
de3wab,I found the elusive double cherry bakewell,,https://i.redd.it/fb0t7o1dkxq31.jpg,1570371892.0,908,0.99,54,CasualUK,CanJesusSwimOnLand
de3rzu,Spotted in Lincoln...,,https://i.redd.it/58jqpnalixq31.jpg,1570371292.0,57,0.94,8,CasualUK,signalstonoise88
de36x5,"I call it ""Dystopian Shabby Chic""",,https://imgur.com/B7K6IQ8,1570368263.0,143,0.99,10,CasualUK,mud_butter
de1rcf,bloody sat nav took us the rural way,,https://v.redd.it/pmlylwuniwq31,1570359250.0,142,0.94,15,CasualUK,fukd_
de1pdi,Is this the English version of Americans throwing and catching with a baseball mitt?,,https://imgur.com/JCuWodN,1570358834.0,154,0.96,18,CasualUK,Bradaz1
de1goy,Shoutout to the Hermes driver who decided to leave my parcel with the bloke manning the road closure at the end of my street,,https://i.redd.it/nh6yz0u6cwq31.jpg,1570357037.0,539,1.0,66,CasualUK,rollingbylikethunder
de1dm1,I‚Äôm a Geordie. She‚Äôs a southerner. I fear the differences are insurmountable...,,https://i.redd.it/oyguhdsgawq31.jpg,1570356453.0,61,0.89,37,CasualUK,SelectStarAll
de118e,Whitby has to be one of my favourite seaside towns ‚ù§Ô∏è,[deleted],https://i.redd.it/3iexff583wq31.jpg,1570354018.0,112,0.98,16,CasualUK,[deleted]
de10o7,This cunt.,,https://i.redd.it/lsfvai6r2wq31.jpg,1570353899.0,193,0.93,56,CasualUK,CurrentlyEatingPies
de0vi8,"I always chuckle at these signs, a comma after ""slow"" would be better!",,https://imgur.com/9tzS7fv,1570352921.0,65,0.92,13,CasualUK,[deleted]
de0t7v,As seen on the M6 a few days ago,,https://v.redd.it/l3nf8l9iyvq31,1570352489.0,7036,0.99,56,CasualUK,capngreenbeard
de0rce,Llandudno - Wales last March. I've been twice now what a beautiful place to visit.,,https://i.redd.it/kbgj16cjxvq31.jpg,1570352105.0,137,0.99,19,CasualUK,StronkBushman
de0r6g,"Gotta love ""The Sofa King""",,https://i.redd.it/29angducxvq31.png,1570352068.0,1543,0.97,42,CasualUK,Chandler_Bling_
de0ovp,Have you ever been so fucked up on a Saturday night that you've left your VHS copy of Goldfinger in the park?,[deleted],https://i.redd.it/lahpcovzvvq31.jpg,1570351592.0,933,0.99,49,CasualUK,[deleted]
de049t,Finally found a use for the drawer full of Calpol syringes. Golden Syrup applicators! 5ml is the perfect amount for a waffle.,,https://i.redd.it/iki5he60kvq31.jpg,1570347555.0,13601,0.93,476,CasualUK,up_the_brackett
ddwxx9,"Polzeath, Cornwall last May üòç one of my fav UK pics to date",,https://i.redd.it/7k1xjchzttq31.jpg,1570326703.0,63,0.97,4,CasualUK,lizziejayy
ddvyl8,New nightclub in Shoreditch,,https://i.redd.it/udvqxhihkrq31.jpg,1570321656.0,516,0.98,27,CasualUK,Dead-Noise
ddvs5g,Late night over the tyne,,https://i.imgur.com/TMe4mhI.jpg,1570320847.0,147,0.99,12,CasualUK,Silentninjadoge
dduo6p,The Express reports Princess Charlotte is 1814 years old.,,https://i.redd.it/5qha0jnfxsq31.jpg,1570315776.0,107,0.95,27,CasualUK,Trickshot945
ddugu0,"I'm a fucking genius. If you cook the kievs upside down, they don't leak..",,https://i.imgur.com/OzEyiJs.png,1570314898.0,3596,0.99,198,CasualUK,Ferkhani
ddt9wv,Friendly game of Rugby down the park on a Saturday,,https://i.redd.it/x9ot9y2aesq31.jpg,1570309344.0,114,0.98,18,CasualUK,Hessenuk
ddt8ew,"""Sadly, dog shit fairies do not exist""",,https://i.redd.it/3udt3v6udsq31.jpg,1570309161.0,1166,0.99,37,CasualUK,_sugarygoodness_
ddt4s0,"‚ÄòThe Keys‚Äô Pub @The Tower of London, each Yeoman Warder takes their turn as barman for a two week period.",[deleted],https://i.redd.it/uu46l50ccsq31.jpg,1570308663.0,69,0.98,8,CasualUK,[deleted]
ddt4kw,Bumped into 2 people in the pub who brought their locally grown produce on the piss. I've been calling it 'Rafael Nadal's left arm'.,,https://i.redd.it/cozhymkacsq31.jpg,1570308642.0,58,0.94,8,CasualUK,Flammabledruid
ddsv9j,I can respect a company that gets a private number plate for a single company van,,https://i.redd.it/cpdd0m429sq31.jpg,1570307553.0,182,0.97,21,CasualUK,Blockinite
ddsr4i,"Sam smith pub rules, signed by Oliver Cromwell",,https://i.redd.it/9205dbwg7sq31.jpg,1570307022.0,434,0.96,111,CasualUK,bazjeffo
dds9fh,Today I pushed/cycled up mount Snowdon,[deleted],https://i.redd.it/fff4kbz21sq31.jpg,1570304880.0,75,0.93,7,CasualUK,[deleted]
dds72u,Best bathroom ever. Showerpoo time!,[deleted],https://i.redd.it/j7ntebm90sq31.jpg,1570304597.0,118,0.96,47,CasualUK,[deleted]
ddrgiz,Tesco's Jam Doughnuts are terrible. Morrisons have by far the best supermarket Doughnuts.,"I had to send a search party for the jam, and as for the doughnut part well that was just soggy.",https://www.reddit.com/r/CasualUK/comments/ddrgiz/tescos_jam_doughnuts_are_terrible_morrisons_have/,1570301344.0,168,0.89,118,CasualUK,HedgeOne
ddq8t7,Monstrosity in Salford.,[deleted],https://i.redd.it/azoeu7v9lpq31.jpg,1570296323.0,117,0.98,35,CasualUK,[deleted]
ddpzt3,Confident I could outpace at least one of Gloucestershire Police‚Äôs new hot pursuit vehicles.,,https://i.redd.it/x1qv3m5n8rq31.jpg,1570295307.0,107,0.99,24,CasualUK,Julio-Geordio
ddpk48,My small town struggles with speeding geese.,,https://i.redd.it/kknef2ym2rq31.jpg,1570293290.0,174,0.99,18,CasualUK,ManILoveFarming
ddpab7,"Feeling amazing today, I just achieved my childhood dream!","When I was a little girl I wanted to be a dispensing optician like my dad, who was my absolute hero.

Today after 3 years of study I have qualified as a dispensing optician! I can‚Äôt quite believe it. I‚Äôm on cloud 9 today",https://www.reddit.com/r/CasualUK/comments/ddpab7/feeling_amazing_today_i_just_achieved_my/,1570292112.0,543,0.97,64,CasualUK,Cathieness
ddozn2,Newhaven (Sussex) RNLI do the Tetris challenge,,https://i.imgur.com/HCSiQ5c.jpg,1570290840.0,151,0.96,22,CasualUK,Swannyone
ddovu2,Just found an old Daily Express hidden behind boards in our attic...‚ÄùNo cheap tobacco if you worked in 1947!‚Äù,[deleted],https://i.redd.it/kq2wxovstqq31.jpg,1570290356.0,217,0.98,40,CasualUK,[deleted]
ddndsu,Snowdonia,,https://imgur.com/3NRP7I1,1570282814.0,147,0.95,9,CasualUK,OctaneHigh
ddm4ha,"If this doesn‚Äôt bring back nostalgia, then I don‚Äôt know what does",[deleted],https://i.redd.it/uvlkfct2mpq31.jpg,1570275612.0,78,0.84,33,CasualUK,[deleted]
ddm08u,I've just been a brave girl and had a flu jab!!,"I didn't get a sticker though...

I've always had all my jabs, but I had a bad reaction to a flu one a few years ago. 

(I didn't suddenly become autistic or anything, it just triggered a neurological condition I have for a few hours. It's the only one vaccine ever in 43 years that has done that and I've had a lot of vaccinations, including all the travel ones).

So today was the first day since then that I've overcome the anxiety enough to go alone and drive myself there and back too. I even talked a very nervous man who hates injections through having his!

I feel so proud of myself! 

I nearly backed out. Then I thought of the NHS nurses working on a Saturday to keep us safe, the people I come into contact with who really can't afford to get flu and how miserable flu is to get. 

It's not very casual but I hope this post encourages other nervous people who are entitled to a free jab to go. This year's one is really good. No stinging or anything.",https://www.reddit.com/r/CasualUK/comments/ddm08u/ive_just_been_a_brave_girl_and_had_a_flu_jab/,1570274937.0,53,0.85,46,CasualUK,LoveAGlassOfWine
ddlkxg,Del Boy supporting the Argies!,,https://v.redd.it/tus9jsliapq31,1570271928.0,63,0.86,5,CasualUK,stu676
ddlc7a,In case you were ever wondering what kind of milk they use in Terry's Chocolate Oranges,,https://i.imgur.com/UbIvyZX.jpg,1570270017.0,130,0.99,15,CasualUK,lostgate
ddl4q7,Watching the joker at 10:40 am,,https://i.redd.it/lgv706wr0pq31.jpg,1570268462.0,200,0.95,33,CasualUK,onatural
ddl0fo,"Never change, Scotland",[deleted],https://i.redd.it/oy07nfoxukq31.jpg,1570267506.0,232,0.99,5,CasualUK,[deleted]
ddkw6y,"Is there anything nicer on a long drive than when a trucker flashes their indicators at you to say ""Thank you""?",Makes me a little bit happier every time.,https://www.reddit.com/r/CasualUK/comments/ddkw6y/is_there_anything_nicer_on_a_long_drive_than_when/,1570266597.0,52,0.91,12,CasualUK,kernowgringo
ddkpwx,This is a Level 5 (dark roast) Alert - This Costa has no coffee! I repeat this Costa has NO COFFEE!,,https://i.redd.it/qptkqikcroq31.jpg,1570265277.0,122,0.96,63,CasualUK,hantothet
ddklg4,God love Lidl.,,https://i.redd.it/dkiypq1yooq31.jpg,1570264471.0,455,0.98,52,CasualUK,tom_the_pilot
ddjzwx,Reading some old 2000ad comics I acquired. From the late 80's. The adverts are amazing.,[deleted],https://i.redd.it/aazujt64coq31.jpg,1570260155.0,63,0.97,20,CasualUK,[deleted]
ddjp5e,This advert,,https://i.redd.it/q255b8vj5oq31.jpg,1570257944.0,45088,0.95,692,CasualUK,theelf2k16
ddj4fx,Stopped in for a cuppa after my 5am walk and when I turned around they'd sat this guy behind me.,,https://imgur.com/G3aClCi.jpg,1570253689.0,59,0.97,13,CasualUK,BottleGoblin
ddhx2v,"Kirkstall Abbey, Leeds. Taken on my trip back to the motherland in 2016. Hoping to be back mid 2020. I'm missing pork pie. Sony a6000. E-PZ16-50. ¬©g4images",[deleted],https://i.redd.it/h4cmd1xi5nq31.jpg,1570245829.0,63,0.89,18,CasualUK,[deleted]
ddemh9,Spotted a Mr.Bean car in the wild a few nights ago!,,https://i.redd.it/012m6gmuolq31.jpg,1570228117.0,296,0.97,11,CasualUK,Coffeebeansupreme
ddedd7,Viz did the best (fake) toys,,https://i.redd.it/c6d62xzallq31.jpg,1570226931.0,85,0.95,9,CasualUK,plebbitspacing
dddhld,Hull made it's way onto this mug amongst other popular destinations in the world,,https://i.redd.it/sbnphjeg9lq31.jpg,1570222937.0,144,0.95,35,CasualUK,hannahfisher
dddh5x,"First time I‚Äôve ever visited Scotland, Ben Nevis and the valley‚Äôs were absolutely stunning!",,https://i.redd.it/wopif1c79lq31.jpg,1570222886.0,61,0.92,6,CasualUK,zornyan
ddco9x,Feeling blessed,,https://i.redd.it/v7cftfz2zkq31.jpg,1570219449.0,2917,0.99,56,CasualUK,beaninator77
ddcl02,Car etiquette,"Now that days are getting shorter and we spend more time driving in the dark. Please remember the basic courtesy of adjusting your headlights so that you constantly blind other road users at all times.

Thanks in advance",https://www.reddit.com/r/CasualUK/comments/ddcl02/car_etiquette/,1570219072.0,79,0.93,34,CasualUK,borksaidthedig
ddcczn,Don't stray from the path........,,https://i.redd.it/8zuhf7z3vkq31.jpg,1570218131.0,195,0.98,7,CasualUK,phenson23
ddby9r,"Go well, go Shell - fuelling our under 16s with energy drinks :)",,https://i.redd.it/9m5wjjltpkq31.png,1570216372.0,83,0.72,28,CasualUK,vat_hom_fluffy
ddazo9,"Welsh Coast, don‚Äôt get these views in Coventry.",,https://i.redd.it/d9ycixildkq31.jpg,1570212224.0,181,0.98,12,CasualUK,PM-Me-Salah-Pics
dda54r,In Edinburgh for the weekend. TIL the Scottish have enormous pockets,,https://i.redd.it/qda2ja4h2kq31.jpg,1570208485.0,98,0.91,13,CasualUK,custardy_cream
dd9hta,Appeal For Mourners After 100-Year-Old RAF Veteran Dies Without Family. Funeral will be held in Salford on the 9th October for anyone nearby wishing to attend.,,https://www.forces.net/military-life/veterans/appeal-mourners-after-100-year-old-raf-veteran-dies-without-family,1570205575.0,797,0.99,16,CasualUK,tkir
dd9apq,"One of my favourite words is ‚Äúapricity‚Äù, which means they warmth of the sun on a cold day‚Äô",,https://i.redd.it/6ijgfot8rjq31.jpg,1570204707.0,248,0.99,29,CasualUK,vbloke
dd851h,He's optimistic.,,https://i.redd.it/jweh7sapbjq31.png,1570199481.0,62,0.94,35,CasualUK,Wilkoman
dd81an,Hometown cafe still makes these bad lads. Mr Blobby themed biscuits,,https://i.redd.it/6nzqj328ajq31.jpg,1570198983.0,228,0.98,30,CasualUK,Captain_Mothman
dd7jpx,Taken in Bath. This was after I saw a pigeon eating a dead seagull.,,https://i.redd.it/npjp9jy63jq31.jpg,1570196619.0,109,0.98,23,CasualUK,oldfarmerwoman
dd7hg6,"As pictures of the country side seem well received, here's one I took at the lake District earlier this year",,https://imgur.com/Sa3Nikw,1570196286.0,630,0.99,15,CasualUK,DrPatience
dd71xb,"Found this bad boy in my kitchen, no idea where it came from.",[deleted],https://i.redd.it/lduelmanviq31.jpg,1570194080.0,72,0.92,18,CasualUK,[deleted]
dd6yuc,I thought it had been a while since I cleaned out the shed,,https://i.redd.it/2c92isd5uiq31.jpg,1570193628.0,125,0.99,25,CasualUK,PM_ME_CAT_TOES
dd6a9d,A message in a bottle found in the Thames,,https://i.redd.it/pym73gr0jiq31.jpg,1570189833.0,3415,0.99,26,CasualUK,Yachting-Mishaps
dd5uwn,Dartmoor this morning.,,https://i.redd.it/rd3avo82biq31.jpg,1570187180.0,113,0.99,5,CasualUK,betterthanbefore123
dd4yuk,My wife is a monster,,https://imgur.com/UaBdKad,1570181046.0,90,0.92,36,CasualUK,bobbinson
dd4v8r,Look how they massacred my boy.,,https://i.redd.it/frv8lu6qqhq31.png,1570180319.0,223,0.97,37,CasualUK,[deleted]
dd4qal,"Needed a stereo jack plug, called into Halfords, they didn‚Äôt have one. Left the shop and found this on the pavement.",,https://i.redd.it/vkldep3pnhq31.jpg,1570179305.0,319,0.99,51,CasualUK,Caxtoncottage
dd4cog,Any fellow oldsters grow up with one of these?,,https://i.redd.it/wbwot20qehq31.jpg,1570176282.0,87,0.99,30,CasualUK,filtronstacks
dd3wam,"My father took this photo a few weeks ago near the Seven Sisters. I‚Äôve never seen an image look so British, yet so French at the same time.",,https://i.redd.it/6s752sal4hq31.jpg,1570172873.0,32904,0.96,582,CasualUK,andrewgardnr
dd3std,My first time writing a note for PE that wasn‚Äôt a forgery! (I‚Äôm the parent now),,https://i.redd.it/zfgvty2k2hq31.jpg,1570172194.0,396,0.96,57,CasualUK,[deleted]
dd3r5f,My mum hung this in the toilet,,https://i.redd.it/bhx4igui1hq31.jpg,1570171874.0,652,0.98,53,CasualUK,omnihaus
dd2cg7,Seen on twitter. Answers given to a police officer after she was arrested for drunk driving,,https://i.redd.it/lpc5s9x0agq31.jpg,1570162594.0,60,0.94,7,CasualUK,Skippylu
dd0arl,Pretty much how it is,[deleted],https://i.redd.it/96rj88ykcfq31.jpg,1570151347.0,120,0.92,21,CasualUK,[deleted]
dczft6,Kevin Bacon dances to the ChuckleVision theme song,,https://v.redd.it/buvmxln6zeq31,1570146913.0,116,0.98,9,CasualUK,Redditallbefore123
dcz2j8,Sign outside my chiro‚Äôs office today!,,https://i.redd.it/it46s7dqxcq31.jpg,1570145095.0,64,0.92,0,CasualUK,jsnmacgregor
dcxyd7,Found this in a toilet of a garage I was doing some maintenance on,,https://i.redd.it/aj88tabueeq31.jpg,1570140001.0,85,0.95,4,CasualUK,The-D-Maister
dcx4jk,Is your town ever so boring people get this excited over a bench,[deleted],https://i.redd.it/8dl9i2f34eq31.jpg,1570136402.0,66,0.88,13,CasualUK,[deleted]
dcw7k0,It's what she would've wanted.,,https://imgur.com/7wB4XAp,1570132675.0,65,0.92,14,CasualUK,Lawrence_s
dcw4wc,"Our hedgehog release didn‚Äôt go as planned, he wasn‚Äôt coming out in the Cumbrian rain haha. Little fella has been fed and left with shelter, look after your wildlife!",,https://v.redd.it/p738c10wrdq31,1570132376.0,163,0.99,14,CasualUK,dontfearlionhere
dcw4cl,It‚Äôs us!,,https://i.redd.it/yamwk75pxcq31.jpg,1570132317.0,1050,0.98,50,CasualUK,Xaxxed
dcvln9,"We found the holy grail in Spoons - a clean, non sticky menu. Should we frame it?",,https://i.redd.it/x5xe06ekldq31.jpg,1570130164.0,308,0.94,31,CasualUK,BaconDblCheesebrger
dcvkp7,Casually growing out of the pavement in Manchester,,https://i.redd.it/9gv77em8ldq31.jpg,1570130046.0,292,0.96,42,CasualUK,fruitytetris
dcv5ag,Stunning views from the top of Helvellyn on Sunday. Definitely worth the 2 hour walk up it,,https://i.redd.it/bub5d0aqfdq31.jpg,1570128198.0,114,0.97,13,CasualUK,Imlookingtotalk
dcv3i9,The team sponsors from The Hundred look like my choice when I'm buying a meal deal.,,https://i.redd.it/n9ktoy53fdq31.jpg,1570127976.0,63,0.89,6,CasualUK,TheJeck
dcv1rz,A guide to the British House Spider during the spider season (and every season) Marked as spoiler so arachnophobes don't freak out,,https://i.redd.it/egxhcir7edq31.png,1570127767.0,176,0.95,89,CasualUK,Mukatsukuz
dcuvo8,Winner of Derby's Best Dressed Tyre,,https://i.redd.it/6li8wyp8cdq31.jpg,1570127019.0,78,0.99,19,CasualUK,manguish
dctygy,Thinking back on being a 17 year old summed up in a single picture.,,https://i.imgur.com/R2smBJo.jpg,1570123026.0,161,0.95,29,CasualUK,msully89
dctqu7,Apparently just 16 smarties = 1 serving,,https://i.redd.it/4dtebeooxcq31.jpg,1570122126.0,56,0.98,14,CasualUK,--redbeard--
dcr8s9,Self service dog wash just opened in my local pet shop,[deleted],https://i.redd.it/qqzaghbf0cq31.jpg,1570110968.0,67,0.94,18,CasualUK,[deleted]
dcr8kh,John Lewis in Liverpool has a machine where you can choose which chocolates you want in your tin.,,https://i.redd.it/po1vhbie0cq31.jpg,1570110936.0,619,0.98,111,CasualUK,welshie123
dcqrye,Can we all just agree leaving a bed sheet with happy birthday on motorway signs is the epitomy of trashy !,And they stay there for months and never get taken away !,https://www.reddit.com/r/CasualUK/comments/dcqrye/can_we_all_just_agree_leaving_a_bed_sheet_with/,1570108693.0,68,0.9,26,CasualUK,scoutingforgrills
dcqdo4,QUACK,,https://i.redd.it/f7cu8jornbq31.jpg,1570106689.0,86,0.95,4,CasualUK,AnMa1988
dcpl21,I took a pic of the first fishing boat of the day leaving at sunrise,,https://i.redd.it/c1xcdhnqabq31.jpg,1570102350.0,139,0.98,11,CasualUK,Dr-Werner-Klopek
dcp1zb,Assassin for hire via local Tesco,,https://i.redd.it/22xc1e3x0bq31.jpg,1570098998.0,414,0.99,39,CasualUK,Jessigrrr
dcoyxi,Chap in our office just proudly declared he's a nonce,"I'm working in one of our satellite offices this week, it's open plan and there's general banter going around. Group conversation where we all chime in, that kind of thing.  

We're talking about rappers and what's your rap name, citing opposite words joined together as a good example (biggie smalls etc).  

When the French chap in the corner (he's lived in England for many years and speaks very well) pipes up, ""I speak no sense in English sometimes, so my rapper name will be No Sense or ""Nonse"" for short.""  

Cue lots of laughter from the office and a brief explanation of a word he's never heard before.",https://www.reddit.com/r/CasualUK/comments/dcoyxi/chap_in_our_office_just_proudly_declared_hes_a/,1570098425.0,223,0.97,42,CasualUK,SEOip
dcoyui,"Sometimes I go to beautiful places for my work, today is not one of those days! welcome to Stourport on Severn.",,https://i.imgur.com/WlHseYI.jpg,1570098402.0,245,0.98,61,CasualUK,xxchefxx
dcon3u,A short play entitled 'Fuck Ryan Air'," 

Ryainair - Your ticket doesn't include hold luggage. Want to pay for 10kg hold luggage?

Me - Yes please. I am going away for 12 days.

Ryanair - Surprise! 10kg bag size limit is actually ridiculously tiny. Upgrade your baggage allowance to a larger 20kg bag!

Me - Ok fine. Fuck your stupid tiny bag. I will suck up this additional cost.

Ryanair - Great! You now have bought a 10kg bag and a 20kg bag!

Me - No. I only want a 20kg bag. I don't need two bags, just one big one.

Ryanair - Nope. No takebacksies, you have to pay for four bags now.

Me - ...

Ryanair - That will be ¬£100.

&amp;#x200B;

&amp;#x200B;

Scene.",https://www.reddit.com/r/CasualUK/comments/dcon3u/a_short_play_entitled_fuck_ryan_air/,1570096131.0,75,0.88,87,CasualUK,IndigoBlue14
dcof1a,Welcome to Dent Station,,https://i.redd.it/rvc5aprbnaq31.jpg,1570094457.0,127,0.99,17,CasualUK,DarkRedWhite
dcnv73,If the queen can go our our notes then Louis can go on our plastic.,,https://i.redd.it/5dtj489u8aq31.jpg,1570090210.0,1694,0.99,61,CasualUK,BigSpookySpooks
dcn4on,I think they want to tell us something,,https://i.redd.it/73emgt0qu9q31.jpg,1570084834.0,59,0.99,23,CasualUK,loudmouthman
dcmzk7,"Skies over Plymouth this morning, gotta love the U.K. when it‚Äôs not raining!",,https://i.redd.it/17o4h9xqr9q31.jpg,1570083808.0,425,0.97,32,CasualUK,SamanthaJaneyCake
dch6u8,"My mum is having a clear out, she gave me this relic with some of my old school reports in it!",,https://i.imgur.com/bTImSBf.jpg,1570053027.0,66,0.96,7,CasualUK,CattyBenfo
dcgoig,"News Presenter Peter Sissons died yesterday. Here is a picture of him as a kid (on the left) with his hand on John Lennon's shoulder, with Jimmy Tarbuck in the middle (holding his fists up)",,https://i.redd.it/rmx7x3tp17q31.jpg,1570050909.0,152,0.98,12,CasualUK,KamikazeChief
dcgj8s,Anyone else had a water dispenser pop up on their high street? Game changing stuff from Dunfermline,,https://i.redd.it/pajuqm6607q31.jpg,1570050322.0,74,0.94,25,CasualUK,TheBatWitTheGat
dcg46q,Woke me up at 7am mooing at the bottom of the garden,[deleted],https://i.redd.it/d3qbx1owu6q31.jpg,1570048601.0,208,1.0,16,CasualUK,[deleted]
dcf83u,Ullswater looking lovely in some rare sunshine,,https://i.redd.it/7u4b4mjak6q31.jpg,1570044979.0,94,0.99,0,CasualUK,lwaIOER
dcf48x,Apprentice Week One: Cape Town.,"Good evening, all. Welcome back to this years series of the Apprentice. Long time subscribers will remember this as the origin of the CasualUK Live Threads, starting with [my mental breakdown two years ago at how useless all these fucking useless pieces of shit are.](https://old.reddit.com/r/CasualUK/comments/74avo8/who_else_is_already_despairing_at_the_idiots_on/)

Today I'm going to give my assessment of all the candidates based on their [BBC blurb.](https://www.bbc.co.uk/mediacentre/mediapacks/apprentice19/candidates?ns_campaign=bbc_press_office&amp;ns_linkname=corporate&amp;ns_mchannel=social&amp;ns_source=twitter) Normally this top bit will be much shorter, don't panic.

Introducing...
-

**[Dean Ahmad](https://ichef.bbc.co.uk/corporate2/images/width/live/p0/7n/ww/p07nww84.jpg/624)**

*He says:* ‚ÄúI‚Äôve definitely got the gift of the gab, I can persuade anyone to do anything.‚Äù

*We say:* You can definitely convince us to kick you out Week One, Deano.

**[Scarlett Allen-Horton](https://ichef.bbc.co.uk/corporate2/images/width/live/p0/7p/2m/p07p2m9s.jpg/624)**

*She says:* ‚ÄúI am an achiever. I have been the highest performer across every workplace I have worked within.‚Äù

*We say:* Easy to do when everyone else is a coked up, alcoholic recruiter, Scarlett.

**[Jemelin Artigas](https://ichef.bbc.co.uk/corporate2/images/width/live/p0/7p/2m/p07p2mgw.jpg/624)**

*She says:* ‚ÄúI never have problems, I only have solutions.‚Äù

*We say:* Going to be honest with you here Jem, a solution is pretty fucking useless unless you are presented with a problem.

**[Souleyman Bah](https://ichef.bbc.co.uk/corporate2/images/width/live/p0/7p/2m/p07p2mss.jpg/624)**

*He says:* ‚ÄúThe less sight I have, the more imagination I gain, because what you see is what you see and what you don‚Äôt see is when the magic begins.‚Äù

*We say:* Stick the prick in a dark room and give him a magic wand. Fuck off, Sully.

**[Lewis Ellis](https://ichef.bbc.co.uk/corporate2/images/width/live/p0/7p/2m/p07p2mxz.jpg/624)**

*He says:* ‚ÄúI may not be the smartest guy in the room, but I‚Äôll sure as hell work harder.‚Äù

*We say:* You work hard over there with the crayons and the colouring book, okay Lewis?

**[Lubna Farhan](https://ichef.bbc.co.uk/corporate2/images/width/live/p0/7p/2n/p07p2n74.jpg/624)**

*She says:* ‚ÄúI came from a council estate‚Ä¶ I have made myself into something good and I‚Äôm on my way to becoming something great‚Äù.

*We say:* Just because you're from a council estate doesn't mean you have to write bars, Lubna. Fair fucks though, she actually seems competent on first glance.

**[Riyonn Farsad](https://ichef.bbc.co.uk/corporate2/images/width/live/p0/7p/2n/p07p2nn6.jpg/624)**

*He says:* ‚ÄúI will use my poker face and tactics to always come out on top.‚Äù

*We say:* He means ""I will stare gormlessly and remember what I should have done in the task in the taxi on the way home after week one."" Ri-gone.

**[Shahin Hassan](https://ichef.bbc.co.uk/corporate2/images/width/live/p0/7p/2p/p07p2p54.jpg/624)**

*He says:* ‚ÄúI love business more than sharks love blood‚Ä¶ I‚Äôm ruthless in my pursuit of success.‚Äù

*We say:* Honestly, where to start? This guy seems like an automa-twat who's there to say they include techy people, but they've chosen the twattiest one. Lord above.

**[Pamela Laird](https://ichef.bbc.co.uk/corporate2/images/width/live/p0/7p/2p/p07p2pgd.jpg/624)**

*She says:* ‚ÄúI love to be the under-estimated person in the room.‚Äù

*We say:* She'll sneak through despite not saying a word until week 5 when surlordalunshugga will mention it in the boardroom and kick her out for it.

**[Carina Lepore](https://ichef.bbc.co.uk/corporate2/images/width/live/p0/7p/2q/p07p2q0n.jpg/624)**

*She says:* ‚ÄúI‚Äôm about 5 foot 1 inch tall - I‚Äôm like a pocket rocket, you don‚Äôt really want to mess with me.‚Äù

*We say:* I can hold you at arms length while you try to swing, go for it Carina. Muppet.

**[Lottie Lion](https://ichef.bbc.co.uk/corporate2/images/width/live/p0/7p/2q/p07p2qfv.jpg/624)**

*She says:* ‚ÄúI bring ‚Äòclass‚Äô to everything and ensure nothing I do is half-standard or tacky.‚Äù

*We say:* Lottie is (and I cannot stress this enough) a fucking librarian.

**[Ryan-Mark Parsons](https://ichef.bbc.co.uk/corporate2/images/width/live/p0/7p/2q/p07p2qsv.jpg/624)**

*He says:* ‚ÄúI am the epitome of luxury.‚Äù

*We say:* Ryan-Mark Parsons was put on this earth to annoy me. The hyphen is in the wrong place, his face looks like he's just smelt his own fart and knows it's worth more than anything you own, he invented a job as a luxury womenswear consultant so he can touch up women and claim it's work and even when he fails he can run back to mummy and daddy, guaranteed. [Also this, from when he was a child FOUR YEARS AGO.](https://www.youtube.com/watch?v=oj8VkeorWsc&amp;feature=youtu.be)

**[Iasha Masood](https://ichef.bbc.co.uk/corporate2/images/width/live/p0/7p/2r/p07p2r3r.jpg/624)**

*She says:* ‚ÄúI‚Äôm one fierce businesswoman with both sass and class‚Äù

*We say:* She means ""I'm going to be unnecessarily confrontational and torpedo at least 3 tasks because of it.""

**[Kenna Ngoma](https://ichef.bbc.co.uk/corporate2/images/width/live/p0/7p/2r/p07p2rbv.jpg/624)**

*He says:* ‚ÄúI combine a thirst to learn with entrepreneurial thinking, ready to win at all costs‚Äù

*We say:* I'm trying not to make a lazy joke about his big head and his quote revolving around learning and thinking. I'll just refer to him as Megamind.

**[Marianne Rawlins](https://ichef.bbc.co.uk/corporate2/images/width/live/p0/7p/2r/p07p2rf1.jpg/624)**

*She says:* ‚ÄúI‚Äôm definitely the epitome of ‚Äòdon‚Äôt judge a book by its cover‚Äô because what you see is not what you get.‚Äù

*We say:* She means; ""I'm argumentative, I'm going to undermine people, and when I make decisions you sure as shit know they're going to be disastrous.""

**[Thomas Skinner](https://ichef.bbc.co.uk/corporate2/images/width/live/p0/7p/2r/p07p2rj2.jpg/624)**

*He says:* ‚ÄúI don‚Äôt plan - I just do everything on impulse. When I plan, I always get it wrong.‚Äù

*We say:* How the fuck you have a functioning business is beyond our comprehension, Tom. Good fucking luck.

Right, now that's out of the way, here's the bit that'll be here every week:
=

Name| Age| Occupation| PM Count|Twat?| Week Out
---|---|----|----|----|----|----
Dean Ahmad|20|Owner, Sports Management Agency|-|Yes|- 
Scarlett Allen-Horton|32|Owner, Recruitment Company|-|Yes|- 
Jemelin Artigas|34|Network Marketing Consultant|-|Yes|- 
Souleyman Bah|20|Motivational Speaker|-|Yes|- 
Lewis Ellis|28|Digital Marking PM|-|Yes|- 
Lubna Farhan|33|Finance Manager|-|Yes|- 
Riyonn Farsad|30|Events Manager|-|Yes|- 
Shahin Hassan|36|Engineer|-|Yes|- 
Pamela Laird|29|Owner, Beauty Brand|-|Yes|- 
Carina Lepore|30|Owner, Artisan Bakery|-|Yes|- 
Lottie Lion|19|Librarian|-|Yes|- 
Ryan-Mark Parsons|19|Luxury Womenswear Consultant|-|Yes|- 
Iasha Masood|27|Account Manager|-|Yes|- 
Kenna Ngoma|24|Owner, Ice Cream Company|-|Yes|- 
Marianne Rawlins|36|Owner, Risk Management Consultancy|-|Yes|- 
Thomas Skinner|28|Owner, Pillow Company|-|Yes|- 

Prepare your anger.
=",https://www.reddit.com/r/CasualUK/comments/dcf48x/apprentice_week_one_cape_town/,1570044569.0,92,0.9,622,CasualUK,jptoc
dceg4r,Can't even wash my hands without getting an advert,,https://imgur.com/ZLW027o.jpg,1570041781.0,73,0.97,12,CasualUK,Inmodwetrust
dce7cg,Nice Aston mate,,https://imgur.com/zBzxrHG.jpg,1570040725.0,201,0.99,18,CasualUK,alex17595
dce1ke,The Viz is the printed version of this sub,,https://i.redd.it/0miu76ij56q31.jpg,1570040019.0,201,0.97,36,CasualUK,plebbitspacing
dcdtnu,Cathedral in the rain üåø,,https://i.redd.it/icya5fyq26q31.jpg,1570039079.0,82,0.97,8,CasualUK,artsyflamingo
dcdl5h,"Peter Sissons BBC reporter caught saying ""She's even got new tits""",,https://www.youtube.com/watch?v=C7PuKPiTT_4,1570038010.0,169,0.93,24,CasualUK,Currency_Cat
dcdkrc,We must respect everyone's choices,,https://i.redd.it/qim7pydez5q31.jpg,1570037958.0,661,0.83,51,CasualUK,Tartantwin
dcdet7,Left our Tesco mop on the balcony to dry. Came home tonight to find it having a family reunion with the Tesco mop that lives with our neighbours.,[deleted],https://i.redd.it/wtp74ki8x5q31.jpg,1570037231.0,879,0.98,28,CasualUK,[deleted]
dccltp,I made a Jimmy Hill ‚Äòchinny reckon‚Äô gif for you,,https://i.imgur.com/Nyt072Q.gifv,1570033697.0,207,0.97,46,CasualUK,[deleted]
dccj9i,Bob's been on a bender.,,https://i.redd.it/qjeh3imtl5q31.jpg,1570033402.0,233,0.99,16,CasualUK,Sister_Jimjams
dcci2c,Quite,,https://i.redd.it/71p7wj2fl5q31.jpg,1570033260.0,93,0.98,12,CasualUK,icenando
dcc4rq,I HAD A SAUSAGE ROLL!!!,[deleted],https://www.reddit.com/r/CasualUK/comments/dcc4rq/i_had_a_sausage_roll/,1570031679.0,120,0.91,62,CasualUK,[deleted]
dcbc4p,Car park in Coventry,,https://imgur.com/YUQYMFo,1570028225.0,204,0.98,14,CasualUK,xenascus
dcb8ap,Welsh father's attitude to sodomy,,https://i.imgur.com/Z4ypevH.jpg,1570027753.0,1160,0.97,50,CasualUK,marccass
dcayo4,Just harvested this orange lad from my allotment! I'm incredibly pleased,[deleted],https://i.redd.it/49gen4je15q31.jpg,1570026542.0,301,0.99,21,CasualUK,[deleted]
dc9uns,Ribblehead Viaduct,,https://i.imgur.com/Haa55Pb.jpg,1570021135.0,77,0.97,6,CasualUK,[deleted]
dc938g,Ladies in Beef is the champion of niche trade websites,[deleted],https://i.redd.it/sjosj1bv84q31.png,1570016977.0,64,0.94,18,CasualUK,[deleted]
dc8x56,I know it‚Äôs becoming Roast Dinner season but I think someone has already overdone it with the gravy today...,,https://i.redd.it/4yrtwl3264q31.jpg,1570015977.0,4478,0.99,143,CasualUK,MambaWhite
dc7yxl,"Shout out to Skyparksecure - Flight with Thomas Cook, no problem, we'll refund your parking.","I was booked to fly with Thomas Cook next week from Manchester. I've re-booked another holiday but that's flying out of Liverpool. TBH, I was hoping for, maybe, a discount or credit to use in the future at best. Fair play to them, I phoned, they checked my details and, as I had a Thomas Cook flight number, they immediately refunded the parking. 

Apparently, anyone that has a Thomas Cook flight number attached to their booking only has to phone up and they'll get a refund.",https://www.reddit.com/r/CasualUK/comments/dc7yxl/shout_out_to_skyparksecure_flight_with_thomas/,1570009576.0,63,0.99,1,CasualUK,wirral_guy
dc7u5v,Sky news reporting the hard hitting stories,,https://i.redd.it/v25slfs1k3q31.jpg,1570008577.0,114,0.98,10,CasualUK,Danrobjim
dc7neh,Little buddy I met on the bus this a morning on my way to college. Made my morning so much better.,,https://i.redd.it/pjb7uc6wf3q31.jpg,1570007184.0,423,0.98,28,CasualUK,LumilyEmily
dc7fmj,Having one of those days... Loud bang at 40 in outside lane of dual carriageway.,,https://i.redd.it/hdjwko8ha3q31.jpg,1570005461.0,477,0.99,81,CasualUK,Oldmng
dc78hz,The one and only Stephen Hawkings,,https://i.redd.it/qpdy3m8x53q31.jpg,1570003826.0,96,0.96,17,CasualUK,stald_muool
dc6t7e,What's worse is they made the font smaller to fit it,,https://i.redd.it/v61g2iuxv2q31.png,1570000598.0,116,0.97,17,CasualUK,must_stop_frontpage
dc6npj,That‚Äôs cheaper than Shaz round the corner!,,https://i.redd.it/si18f7i0t2q31.jpg,1569999483.0,702,0.97,26,CasualUK,SeniorZoggy
dc6jsu,And so it begins...,,https://i.redd.it/xtk31crkq2q31.jpg,1569998666.0,183,0.98,65,CasualUK,odiedodie
dc6b94,The ever nosy and sarcastic dwellers of the town I live in.,,https://i.redd.it/wld160lgl2q31.jpg,1569996944.0,8881,0.97,191,CasualUK,GingerBear87
dc5p6o,"3 degree this morning and me having to cycle 15 miles for work still. Set my alarm 20 mins early so I could get up and bang all this in, ready for when I get home. I do love the colder months sometimes.",,https://imgur.com/adTbjMm.jpg,1569992687.0,273,0.96,112,CasualUK,26326312
dc136m,Weather update: UK grows massive leg?,,https://i.redd.it/pwmfma1za0q31.png,1569969203.0,96,0.97,19,CasualUK,picard47at
dbzwwz,Nothing like a bit of Taint Love by Sofcell,,https://i.redd.it/ehjtn46fwzp31.jpg,1569964312.0,142,0.96,12,CasualUK,cavedan12
dbzfnb,Spotted a 2019 Tesla Charging up in a back alley.,,https://i.redd.it/sxqs7ex9qzp31.jpg,1569962304.0,95,0.94,28,CasualUK,KamikazeChief
dbzcfe,Welcome to ALDI,,https://v.redd.it/u34dzto56yp31,1569961929.0,200,0.92,18,CasualUK,harrylovescomputers2
dbz3iz,"This is Twiglett. She was bought thinking she was a micropig but grew to this bad ass. She's just been rescued (by someone I work with) from a first floor flat, where she has never been outside. They had to buy her a tv as she missed Eastenders.",,https://i.redd.it/i1fry9f9mzp31.jpg,1569960893.0,739,0.98,114,CasualUK,toriatain
dbyjes,Help me plan my last weekend before chemo!!,"Well, I want to fill it with nice rich things I really love before I have to start chemo next week. It will most definitely involve an Indian &amp; possibly a cheeky subway breakfast. What other things should I over indulge in before the chance of them being ruined forever for me happens?! I want to also go to the cinema &amp; I most definitely need to buy a warm hat and scarf!! 

Also if anyone has any tips to cope with chemo feel free to let me know?! Anything from what to take to hospital to what to eat?!",https://www.reddit.com/r/CasualUK/comments/dbyjes/help_me_plan_my_last_weekend_before_chemo/,1569958645.0,73,0.97,69,CasualUK,erniebernie123
dbyewu,I bloody love my town! (Newark). Taken on an iPhone 11 with night mode. It‚Äôs cold and wet outside but the castle look amazing!,,https://i.redd.it/lkv2t002ezp31.jpg,1569958135.0,96,0.88,27,CasualUK,Exemplar1968
dby5j9,Snickers knows what‚Äôs up,,https://i.redd.it/ricaug9wazp31.jpg,1569957070.0,148,0.95,0,CasualUK,rupert9bear
dbxkwt,Only one place to go,[deleted],https://i.redd.it/4dyppsy93zp31.jpg,1569954840.0,1293,0.98,42,CasualUK,[deleted]
dbxgcy,There's a show on about your mum mate,,https://i.redd.it/miy3glsozyp31.jpg,1569954552.0,7678,0.98,84,CasualUK,OldDeadEyez
dbwetv,"A lovely walk then ham egg and chips at the bistro for brunch, chuckles our ferret enjoyed the egg",,https://i.redd.it/htqu6knooyp31.jpg,1569949600.0,137,0.95,45,CasualUK,bobfric
dbw9t3,Trying to make the most of the brief sunny spell today,,https://imgur.com/msRv7pQ,1569949015.0,73,0.96,20,CasualUK,GibbsLAD
dbv2k1,There‚Äôs an apocalypse coming,,https://i.redd.it/nwjw8kww7yp31.jpg,1569943969.0,296,0.98,29,CasualUK,millsytime
dbura2,Well it scared me off!,,https://i.redd.it/ejle4aqv3yp31.jpg,1569942635.0,224,0.99,15,CasualUK,beermad
dbudkh,Fed this bee a few weeks ago,,https://v.redd.it/37by7btsyxp31,1569940996.0,93,0.95,12,CasualUK,[deleted]
dbtkrb,Mum's Saltwater t-shirt doesnt go well with the jacket...,[deleted],https://i.redd.it/064rc3h8oxp31.jpg,1569937354.0,12125,0.98,102,CasualUK,[deleted]
dbt1py,Untitled Goose Game IRL,,https://twitter.com/BBCNottingham/status/1178964297772388352,1569934866.0,77,0.96,6,CasualUK,photoben
dbt17u,"Casual UK peeps, you have a beautiful country. It was my second week ever visiting, and I felt like I was dropped straight into an episode of Thomas the Tank Engine. Much love ‚ô•Ô∏è‚ô•Ô∏è",,https://i.imgur.com/udoqCZW.jpg,1569934801.0,244,0.99,44,CasualUK,NIPLZ
dbsxe9,Found this gem on Facebook. Seems pretty accurate to me.,,https://i.redd.it/2qg8deq3fxp31.jpg,1569934272.0,429,0.98,25,CasualUK,RSBennett
dbskw1,Look out for the what?,[deleted],https://i.redd.it/26lmp9pw9xp31.jpg,1569932525.0,1422,0.97,55,CasualUK,[deleted]
dbs5he,I won some Gin &amp; Tonic at a Macmillan coffee morning. It was bubble bath.,,https://i.redd.it/neibwps23xp31.jpg,1569930230.0,214,0.99,19,CasualUK,Stazalicious
dbrwuh,I Thought One of The Apprentice Candidates Looked Familiar,[deleted],https://i.redd.it/bm3cp5fzywp31.png,1569928851.0,305,0.98,20,CasualUK,[deleted]
dbr8k5,Spotted: Retford...,,https://i.redd.it/swxqcc6tmwp31.jpg,1569924758.0,139,0.97,17,CasualUK,ScruffyKIRBY96
dbqyis,Oh my..... possibly the best biscuits I‚Äôve ever eaten.,,https://i.redd.it/fxw11iwihwp31.jpg,1569922979.0,273,0.95,56,CasualUK,innocentshadows
dbqy8f,So we've got builders round....,"And after sending them a text yesterday to ask if they had any specific biscuit requests (apparently the first person to ever do so? I got, amongst other things, chocolate hobnobs)  


Other half had idly mentioned to them it was my birthday (which is why we were both going to be around) and bless them, they've bought my a ruddy great big lilly as a present which is incredibly sweet.",https://www.reddit.com/r/CasualUK/comments/dbqy8f/so_weve_got_builders_round/,1569922926.0,158,0.97,47,CasualUK,FakeSchwarzenbach
dbqjio,OH and I ran a 1/2 marathon for the British Heart Foundation on Sunday. This is on the inside of our finisher shirts - thought it was cool!,,https://i.redd.it/dcwambj19wp31.jpg,1569920127.0,87,0.96,20,CasualUK,takhana
dbq9r5,Hammersmith Bridge looking like a scene from a horror movie,,https://v.redd.it/84055np53wp31,1569918155.0,394,0.99,17,CasualUK,travellingpang
dbppo6,Found this today. Zoom in for better view.,[deleted],https://i.redd.it/h5ze4jxurvp31.jpg,1569914349.0,206,0.97,4,CasualUK,[deleted]
dbpfj5,Cat waiting for a tram in Manchester,,https://i.imgur.com/iLvf8VA.jpg,1569912507.0,10980,0.96,160,CasualUK,karl_97
dbp5ap,Is this graphic on top of a Dyson Airblade hand drier meant to say something?,,https://i.redd.it/iyw4smxygvp31.jpg,1569910687.0,67,0.92,42,CasualUK,tonnellier
dbnb6p,"Sorry if this breaks any rules, I'm new here. My grandfather was English and one of his friends was a retired policeman who gave this to him. Anyways, I was gifted this for my b-day and just thought it was neat enough to share!","&amp;#x200B;

https://preview.redd.it/0syo8vatkup31.png?width=477&amp;format=png&amp;auto=webp&amp;s=0b603c82fe8aa47b4926d1e143922d4080c73dd5",https://www.reddit.com/r/CasualUK/comments/dbnb6p/sorry_if_this_breaks_any_rules_im_new_here_my/,1569900206.0,103,0.91,14,CasualUK,inthebrush0990
dbjqrj,Just opened my first pack of ‚ÄòLoveHearts‚Äô in years. Not the message I anticipated.,,https://v.redd.it/r6f8j25q8tp31,1569883727.0,109,0.96,12,CasualUK,ManILoveFarming
dbj8x3,Flooding isn‚Äôt too bad down here.,,https://v.redd.it/rjziacy02tp31,1569881540.0,74,0.95,25,CasualUK,Trench_Rat
dbigfm,I made a local shop for local people,,https://i.imgur.com/Dw7tSac.jpg,1569878228.0,924,0.99,73,CasualUK,bubble085
dbifp0,Hope it‚Äôs okay to post this here. Dr who diorama I just finished (album in comments),,https://i.imgur.com/MnbOEzt.jpg,1569878144.0,146,0.97,16,CasualUK,bubble085
dbh33f,Eric's been with us for a week. Today he took food from my hand.,,https://v.redd.it/o24qbca2csp31,1569872759.0,100,0.96,28,CasualUK,PromiscuousPinger
dbgqeb,"I'm on my own in a Premier Inn in Luton while my dad is dying in the nearby hospital. Keep me company, Casual UK?","I've been by his side for weeks as he deteriorates with kidney failure and he doesn't have long left now. Could be hours, days or weeks. I'm having a break this evening, for my own sake.

My dad is Deaf and is a sign language user so while the hospital have been good at getting interpreters, they can only be there an hour or so a day so I have to be there all the time so they can communicate. But it's getting beyond that stage now, as he's rarely awake and can't understand anyone but me. 

I'm pretty tired.

Edit to update: I'm back at the hospital now. He's been awake and talking this morning, and eaten breakfast. It was nice to get to have a little chat with him. He's struggling to breathe now because of an the fluid on his lungs, and possibly an infection. The doctors come and go but by request he's not being treated. Awaiting news about a possible move to a nursing home for palliative care. 

Thank you all for being so kind.",https://www.reddit.com/r/CasualUK/comments/dbgqeb/im_on_my_own_in_a_premier_inn_in_luton_while_my/,1569871330.0,1474,0.97,224,CasualUK,mrsfran
dbgkth,"Black cab pulled into Kynance Mews in London as I was taking pics, perfect timing to get an iconic London photo üòÄ",,https://i.redd.it/lbtk7oq36sp31.jpg,1569870713.0,3110,0.98,112,CasualUK,gingersoph
dbg21x,Lego Hot Fuzz,,https://i.imgur.com/Gepa99k.gifv,1569868688.0,454,0.97,31,CasualUK,baodur086
dbejcw,Top signage at work,,https://imgur.com/Zth92SQ,1569862657.0,86,0.96,4,CasualUK,lukesb
dbe6l0,Casual day at the Eden Project,,https://i.redd.it/uui3szutdrp31.png,1569861208.0,110,0.95,13,CasualUK,Jebend89
dbdsdd,Sign I found a few years ago,,https://imgur.com/xoEzc1X,1569859603.0,108,0.98,5,CasualUK,JordanCaunce4
dbdl2e,This beautiful pricing structure for the car park. Can we all just agree that this is fine and live happily ever after. Thanks.,,https://i.redd.it/xhc0jikp6rp31.jpg,1569858808.0,484,0.99,69,CasualUK,BADGERSAREUNDERRATED
dbbt9c,Left two day Travelcards on top of right parking machine at Debden underground station if anyone is in need,,https://i.redd.it/8uapk1ytjqp31.jpg,1569851277.0,90,0.94,3,CasualUK,[deleted]
dbbp2q,Brining health and safety considerations to a whole new level,,https://i.redd.it/awbntq2piqp31.jpg,1569850736.0,199,0.99,20,CasualUK,19_smeljakis_86
dbbids,"You‚Äôre going to like this , but not a lot",,https://i.redd.it/dj9lfz84gqp31.jpg,1569849864.0,943,0.97,57,CasualUK,[deleted]
dbb89x,Found this gem at work!,,https://i.redd.it/c3vt1od8cqp31.jpg,1569848559.0,670,0.97,44,CasualUK,MassiveBeatdown
dbb7eh,Keep calm and carry on ... plz,,https://i.redd.it/e3unmn7pwkp31.jpg,1569848449.0,388,0.99,10,CasualUK,thepseudonym12344
dbb0e6,This is the only thing left in the ONLY cafe near my site...knew I should have gone for lunch at 12,,https://i.redd.it/4ot1jqb09qp31.jpg,1569847473.0,203,0.97,52,CasualUK,notsosexytimecouple
dbakmt,I asked for a salad box for lunch. There is no salad in my box :(,,https://i.redd.it/j1j2y27f2qp31.jpg,1569845258.0,58,0.91,23,CasualUK,fl0_rescence
dbag0p,"Another car claimed by the Station road bridge. Potterhanworth, Lincolnshire.",,https://imgur.com/8NESD4K.jpg,1569844598.0,118,0.99,12,CasualUK,26326312
dbafi5,What's missing from this picture?,,https://i.redd.it/2fbe3m760qp31.jpg,1569844521.0,88,0.98,14,CasualUK,D-Angle
dbabe7,This freshly bought bottle of Oasis filled to the absolute brim,,https://i.redd.it/bkl16uacypp31.jpg,1569843888.0,105,0.9,16,CasualUK,moriaty123
dba8b9,Who the hell thought calling this a 'banana suckie' was a good idea?,,https://i.redd.it/tgva4icwwpp31.jpg,1569843411.0,59,0.89,12,CasualUK,rambo_beetle
db9p77,Martin Lewis would be proud,,https://i.imgur.com/8okwmvM.jpg,1569840278.0,248,0.99,37,CasualUK,Jeff-Stelling
db9kzv,My sous chef (left) Yorkshire pudding compared to mine (right) and I'm from the south!,,https://i.redd.it/yxiygq1klpp31.jpg,1569839587.0,100,0.95,30,CasualUK,MoralPenguin
db9h5e,The man sitting in front of me on the train is using a twix as a pillow,,https://i.redd.it/mx4tf96jjpp31.jpg,1569838910.0,62906,0.97,819,CasualUK,star_man_u
db9dau,They‚Äôre just missing the miserable weather,,https://i.redd.it/4ng62pzjhpp31.jpg,1569838242.0,123,0.96,12,CasualUK,kevin_cg1
db96ya,You miss it when you're gone,[deleted],https://i.redd.it/ficf6qd8epp31.jpg,1569837123.0,84,0.96,7,CasualUK,[deleted]
db95l3,"UK supermarkets get drastic with plastic, ditch packaging in nude food revolution",,https://www.scmp.com/better-life/environment/article/3027266/uk-supermarkets-get-drastic-plastic-ditch-packaging-nude,1569836865.0,121,0.99,30,CasualUK,LaurenHayward
db8wdr,Had an unexpected visitor in the garden on Sunday. Definitely was not enjoying the British autumn.,,https://i.redd.it/c5k6s8ln7pp31.jpg,1569835108.0,274,1.0,18,CasualUK,Daregveda
db8nvb,More than 430 Nigels flock to Worcestershire pub to celebrate their name amid fears it will die out,,https://www.dailymail.co.uk/news/article-7517643/More-430-Nigels-flock-Worcestershire-pub-celebrate-amid-fears-die-out.html,1569833333.0,151,0.94,39,CasualUK,toomah28
db7edl,Monday morning bin day etiquette at its finest.,,https://i.redd.it/no6nq9wabop31.jpg,1569824033.0,280,0.99,24,CasualUK,ElPapaDiablo
db5tp2,Japanese people singing the Welsh anthem is great,,https://youtu.be/TE5rK_pM9r0,1569814398.0,68,0.97,13,CasualUK,[deleted]
db2mwr,Cool cross section of Piccadilly Circus Tube station,,https://i.imgur.com/tlR5RTz.jpg,1569797811.0,592,0.99,19,CasualUK,karmacannibal
db1v5o,Comparison between real life and Forza Horizon 4,,https://i.redd.it/b83d2vyf6kp31.jpg,1569794053.0,332,0.97,28,CasualUK,spboss91
db0lfb,Behold! A Cornish pineapple,,https://i.imgur.com/NQIiTTv.jpg,1569788346.0,119,0.97,12,CasualUK,JayneLut
db076w,"Mutant sheep crossed with a bulldog? Saw this stocky beast today and it looked at least 20 stone weight, 3 feet tall and nearly as wide. The straps are probably a gun holster harness.",,https://i.redd.it/rmb6qjvg6lp31.jpg,1569786618.0,67,0.95,12,CasualUK,zerobenz
dazxsp,After years of a (joined) curse of making shit Yorkshires - my boyfriend finally made these absolute units for today's Sunday tea and I can personally say that they were proper good üëåüëå,,https://i.redd.it/3u7djatq4lp31.jpg,1569785510.0,4840,0.95,175,CasualUK,Friendtothesmol
daz7qx,A spot of rain has resulted in moo island.,[deleted],https://v.redd.it/cks6dwnevkp31,1569782379.0,186,0.98,4,CasualUK,[deleted]
dayhn3,"The Lone Tree in Buttermere, Lake District",,https://i.redd.it/0wji59q3mkp31.jpg,1569779236.0,152,0.98,13,CasualUK,jamathers
dayb9x,"In between the downpours that were trying to flood our camp out, Bakewell was truly stunning this weekend.",,https://imgur.com/IOs5R71.jpg,1569778465.0,134,0.97,16,CasualUK,26326312
day5tk,The highlight of a Sunday roast dinner as a kid,,https://i.redd.it/too0puiuhkp31.jpg,1569777806.0,75,0.89,14,CasualUK,Cotsta
daxu54,Some big brain stuff,,https://i.imgur.com/q6SSqJP.png,1569776382.0,898,0.99,36,CasualUK,Jeff-Stelling
dax4jj,Weather has perked up since last night,[deleted],https://i.redd.it/h6h1le574kp31.jpg,1569773217.0,87,0.96,11,CasualUK,[deleted]
dax2b5,Sainsbury's prices usually go up every 8 weeks...?,,https://i.redd.it/mgi13gw93kp31.jpg,1569772965.0,77,0.94,7,CasualUK,whyndamEarle
dawfba,"It may be an rainy day in September, but this is today's haul of conkers.",,https://i.redd.it/kadh4l9yujp31.jpg,1569770114.0,266,0.99,49,CasualUK,justhowulikeit
dawe86,"Respect to the fellas that got on the train, sat next to me and offered me a beer. Cheers",,https://i.redd.it/4pn9f2yjujp31.jpg,1569769974.0,230,0.93,53,CasualUK,BlueBerryJaffas
davtqk,So I think here's the answer to the rain and mud this weekend.,[deleted],https://imgur.com/yHKUy3c,1569767367.0,371,0.99,11,CasualUK,[deleted]
davb7v,The way she runs when she knows it‚Äôs about to go south,,https://v.redd.it/3arcmsfkvhp31,1569764774.0,80,0.96,19,CasualUK,gurdonbob
dav82h,Found an Argos catalogue from 2001 at work. I miss Nokia‚Äôs of old,,https://i.imgur.com/ux6Oqlf.jpg,1569764308.0,728,0.99,103,CasualUK,AndyTheAndy
daubpl,Call me out of touch but... 8? FUCKING 8?????,,https://i.redd.it/0n37yfeuxip31.jpg,1569758975.0,146,0.95,55,CasualUK,randomisticdude
dau20q,The War of the Worlds Trailer - BBC,,https://www.youtube.com/watch?v=r-yas0yPbLU,1569757187.0,73,0.96,54,CasualUK,MellotronSymphony
datx4q,"Found this while walking through my new neighbourhood, considering moving back",,https://i.redd.it/u124ab3lpip31.jpg,1569756209.0,264,0.97,57,CasualUK,MrsUstinak
datdo6,Found some old peas,,https://i.redd.it/q0xkj6w5dip31.jpg,1569752139.0,94,0.96,37,CasualUK,jpg48
datd4d,"Is this the world cycling championships, or a boat race?",,https://i.redd.it/9lf4otu5dip31.jpg,1569752016.0,366,0.99,42,CasualUK,toadinhiding
datd1j,If anyone is in the area feel free to use this. Last day it can be used as they aren't running tomorrow. Haven't had the time to go do it,,https://i.redd.it/bztewot3dip31.jpg,1569751998.0,53,0.93,2,CasualUK,ChrispyKill
dat6ul,Peak 1980‚Äôs dining experience. All about that lolly at the end.,,https://i.redd.it/nj5guyqb9ip31.jpg,1569750725.0,1431,0.99,169,CasualUK,Sparkletail
dasink,The RRS Sir David Attenborough has a cheeky mustachioed face!,,https://i.imgur.com/5JzWg3S.jpg,1569745520.0,369,0.97,32,CasualUK,HonoraryMancunian
dan4vc,It is raining,,https://i.imgur.com/GFT5qyb.jpg,1569711269.0,71,0.94,19,CasualUK,eerst
dan2sg,I hope you're safely tucked up in bed. Its gross out,[deleted],https://i.redd.it/i2wayoi3zep31.jpg,1569710969.0,6926,0.97,260,CasualUK,[deleted]
dam3a7,"Ladies bathroom. Had to cough up 40p just to piss. Ahh, London üòÇ",,https://i.redd.it/basft8vyjep31.jpg,1569705877.0,218,0.96,39,CasualUK,bstmstr18
daldcx,Picked up these in B&amp;M. What a throwback,,https://imgur.com/D4ZTrsc,1569702374.0,129,0.96,11,CasualUK,KX321
dal5zy,Saw this on window of local cafe,,https://i.imgur.com/FSpy4Tq.jpg,1569701400.0,302,0.96,19,CasualUK,wookies_go_raawghh
dakyru,Leaving work on a Friday like...,,https://v.redd.it/ju6pvn2v3ep31,1569700483.0,169,0.96,12,CasualUK,Refuelled
daifl4,A stroll around Canterbury,,https://i.redd.it/6pwfckk76dp31.jpg,1569689148.0,128,0.96,8,CasualUK,flourish-blotts
dahrjr,This stained glass of the lesser known bible blowjob story is in a church up in the Yorkshire Dales ü§î,,https://i.redd.it/mgosy9s2xcp31.jpg,1569686072.0,372,0.95,26,CasualUK,beardymouse
dahjfb,The House of Lancaster really went downhill after the Wars of the Roses,[deleted],https://i.redd.it/zqyf1rmwtcp31.jpg,1569685009.0,132,0.99,14,CasualUK,[deleted]
dahg9r,An interesting take on a common issue,,https://i.redd.it/r7gnefposcp31.jpg,1569684607.0,240,0.98,4,CasualUK,joshw317736
dagevg,The Victorians certainly knew how to build impressive sewage pumping stations.,,https://i.redd.it/so7mdolrdcp31.jpg,1569679577.0,362,0.99,28,CasualUK,vbloke
dage2q,Conker collecting in the park. Told the kids they were only allowed to take 1 home though.,,https://i.redd.it/qqe1hjqedcp31.jpg,1569679466.0,77,0.95,17,CasualUK,NaToSpasoRalph
dafzia,I recently visited the USA...,"The highlight of my trip was at a bar, a bartender washing glasses heard my accent, stopped what he was doing and came over. He looked at me with a straight but slightly confused face and asked ""so what IS a cheeky nandos?"".

Had me in absolute tears! üòÇ",https://www.reddit.com/r/CasualUK/comments/dafzia/i_recently_visited_the_usa/,1569677357.0,555,0.98,83,CasualUK,CallMeCurious
daf8ts,I saw the Northern Lights in Northumberland last night!,,https://i.redd.it/y8xwkn7dubp31.jpg,1569673053.0,832,0.99,43,CasualUK,AstronomyAdam
daf888,Remy is home safe! I want to thank everyone who spread the word and helped me get him back.,,https://i.imgur.com/Lyy7ZdV.jpg,1569672947.0,223,0.99,17,CasualUK,[deleted]
daf76a,Don‚Äôt think much of Justin Timberlakes new song,,https://i.redd.it/lmfjptoitbp31.jpg,1569672769.0,69,0.91,2,CasualUK,JagerHands
daf5ex,What a time to be alive! Looked out the window at the perfect time.,[deleted],https://i.imgur.com/xACOSHL.jpg,1569672445.0,157,0.97,20,CasualUK,[deleted]
daf4bk,This was posted at my friends workplace!,,https://i.imgur.com/lp8Riun.jpg,1569672247.0,312,0.98,60,CasualUK,Wiganese_guy
daeq20,What kind of parallel universe is this?,,https://i.redd.it/2mhs22xqjbp31.jpg,1569669484.0,1179,0.99,81,CasualUK,Edjacksons
daelar,"They used to make a normal seeded loaf, but this one superseeded it",,https://i.redd.it/0dohgxnrgbp31.jpg,1569668482.0,226,0.97,11,CasualUK,misterblobbie
daeanl,PSA: The mods are banning Christmas again (until the 25th November),[deleted],https://www.reddit.com/r/CasualUK/comments/daeanl/psa_the_mods_are_banning_christmas_again_until/,1569666213.0,554,0.98,110,CasualUK,[deleted]
dae9ew,Typical Saturday town centre parking,,https://i.redd.it/zfucr3f89bp31.jpg,1569665946.0,64,0.98,17,CasualUK,rishab8
dae93m,"I know we don't like to pronounce the letter H in Yorkshire, but this is just taking the mick Leeds.",http://imgur.com/gallery/buK8p2s,https://www.reddit.com/r/CasualUK/comments/dae93m/i_know_we_dont_like_to_pronounce_the_letter_h_in/,1569665883.0,58,0.93,11,CasualUK,TehHappyNarwhal
dadvuv,Piss off train,,https://gfycat.com/colorlessimportantkoala,1569663079.0,126,0.95,48,CasualUK,SgtBreadStick16
dadlsb,Won‚Äôt get many in there,,https://i.redd.it/0b4qwglbuap31.jpg,1569660936.0,74,0.93,10,CasualUK,tayls67
daddyo,‚ÄúWhen you text your bro from your room thinking your house is getting broken into and he replies with this...‚Äù (@chelseamorris10 on Twitter) We truly are a wonderful people,,https://i.redd.it/dep8nupbpap31.jpg,1569659250.0,1802,0.98,52,CasualUK,barneythedonut
dadbpv,People who think it‚Äôs ok to park over the lines,,https://i.redd.it/mk242ntenap31.jpg,1569658747.0,112,0.97,12,CasualUK,earl-of-cockfosters
dacuk2,"Inflation has hit the confectionery market hard, either that or this guy is trying to make a mint",,https://i.redd.it/e7uyy7zlcap31.jpg,1569654974.0,934,0.98,24,CasualUK,roidweiser
dack7c,A warehouse full of sex toys at the end of a double rainbow... (I work at Lovehoney),,https://i.redd.it/fl7560706ap31.jpg,1569652789.0,217,0.97,59,CasualUK,GSV_Honest_Mistake
da87tu,Classic UK sign,,https://i.redd.it/ud7zmp7rz7p31.jpg,1569626442.0,153,0.98,3,CasualUK,490n3
da7fbn,"The Hof sure does love Wales, saw him 2 years ago getting on at Cardiff to go to Swansea",[deleted],https://imgur.com/iK1e4Ul,1569622472.0,66,0.95,11,CasualUK,[deleted]
da7d2u,Ever since autumn started...,,https://i.redd.it/72wphjg0n7p31.jpg,1569622152.0,128,0.98,1,CasualUK,Sauron3106
da68z9,Morrison‚Äôs truly outdoing themselves this year.,,https://i.redd.it/1vla685k77p31.jpg,1569616959.0,110,0.94,18,CasualUK,Ch00balicious
da5waz,There‚Äôs a dedication on a chair in my local Morrisons cafe that‚Äôs actually incredibly sweet and touching.,,https://i.redd.it/c1iw0fvs27p31.jpg,1569615356.0,10591,0.97,136,CasualUK,pleasebepleasant
da4vq0,The wonky veg section delivers,,https://i.redd.it/ky0paxn9p6p31.jpg,1569610806.0,288,0.98,12,CasualUK,rsheepski
da3xh2,Cross Country trains ideal for the lack of bottle opener. Can any other rail service compete in facilitating the rail beer?,,https://v.redd.it/06o4ll7ac6p31,1569606521.0,135,0.96,24,CasualUK,Yung_Grumpy
da35tp,Who needs a pot of gold when you can have a meal deal?,[deleted],https://i.redd.it/js1lydsc26p31.jpg,1569603098.0,86,0.95,18,CasualUK,[deleted]
da2oyr,Someone at work has way too much time on their hands.,,https://i.redd.it/lwqpaf3bw5p31.jpg,1569601065.0,74,0.98,16,CasualUK,dermot_reeve
da2b97,The property market in the UK is getting out of hand,,https://i.redd.it/e49gii8fr5p31.jpg,1569599422.0,116,0.96,18,CasualUK,FuzzballOG
da0wa5,British BBQ summed up in one picture.,[deleted],https://i.redd.it/ttn0cics85p31.jpg,1569593156.0,71,0.92,26,CasualUK,[deleted]
da0tic,My sister is in Kenya and just sent me this.,,https://i.redd.it/c9doo6ct75p31.jpg,1569592827.0,539,0.99,27,CasualUK,Daydreamernightmares
da0nah,"Pretty impressed with his parking, all things considered",,https://i.redd.it/txb3dkse55p31.jpg,1569592028.0,198,0.98,7,CasualUK,samtaclause
da0662,A very UK workplace fridge...,,https://i.redd.it/664g0gsmy4p31.jpg,1569589740.0,110,0.98,17,CasualUK,jamesbakerrr
d9yqog,"Man, the RAF has fallen on hard times...",,https://i.redd.it/s0hoe1nob4p31.jpg,1569582022.0,304,0.99,42,CasualUK,K0EN1G5EGG
d9xzmd,Channel 5 show reveals secret behind Her Majesty‚Äôs longevity,,https://i.redd.it/135z88s0x3p31.jpg,1569577091.0,572,0.98,18,CasualUK,Maff17
d9xnt5,Who wore it best?,,https://i.imgur.com/t3pzaSO.png,1569574758.0,144,0.88,43,CasualUK,vanguard_SSBN
d9xh3t,So that's where the pot of gold is.,,https://i.redd.it/hq8vwocwl3p31.jpg,1569573355.0,86,0.97,14,CasualUK,framedanimal3
d9xbk8,There's never a bad time for an amusingly shaped vegetable. Found this in Sainsbury's today.,,https://i.redd.it/lawqrd5ii3p31.jpg,1569572209.0,425,0.96,41,CasualUK,druidsandhorses
d9xa0h,8:30am Priorities,,https://i.redd.it/dpafcl1ih3p31.jpg,1569571872.0,232,0.98,46,CasualUK,Hollywood-or-Bust
d9x9p9,My Mum was sorting all my old clothes and we discovered this!,,https://i.redd.it/08dcke6bh3p31.jpg,1569571817.0,13572,0.94,389,CasualUK,UnicornReality
d9wwge,Good Morning!,,https://i.redd.it/5q46c8uu83p31.jpg,1569568968.0,245,0.97,7,CasualUK,[deleted]
d9wi3s,How many people work at the Nescaf√© factory?,,https://i.imgur.com/eTZ6LXA.jpg,1569566301.0,299,0.96,12,CasualUK,FISH_MASTER
d9q1qe,My dad has a pet magpie called Vera that visits him every day at the allotments. Raised her from a chick after she was almost killed by crows.,[deleted],https://i.redd.it/wvtnsdu680p31.jpg,1569532424.0,5987,0.99,203,CasualUK,[deleted]
d9ogw9,they're called flapjacks last time I checked,,https://i.redd.it/r2ydlnosozo31.jpg,1569525899.0,197,0.98,15,CasualUK,TOMAYGEE
d9nu03,I call this piece: 'Fiver on a Platform through the Train Window'. Tragic.,,https://i.redd.it/keb2wivggzo31.jpg,1569523114.0,1043,0.99,31,CasualUK,olly-octopus
d9nmyq,Trying to justify the cost of the Chinese takeaway you've just ordered by pointing out you've now got a few more sets of tupperware for the kitchen,,https://www.reddit.com/r/CasualUK/comments/d9nmyq/trying_to_justify_the_cost_of_the_chinese/,1569522297.0,105,0.98,35,CasualUK,custardy_cream
d9na9a,Are my neighbours getting velociraptors?,,https://i.imgur.com/7yYqfMH.jpg,1569520748.0,369,0.99,65,CasualUK,hawkeye2604
d9majl,Sheffield looks alright at night time.,,https://i.redd.it/afirrh2xwyo31.jpg,1569516523.0,197,0.98,23,CasualUK,Joynul2
d9m3y0,"Welcome to Stoke, where your shopping goes into your pram and your baby into the trolley!",,https://i.redd.it/2yd2w1gluyo31.jpg,1569515740.0,123,0.98,17,CasualUK,SidgeBlueCollars
d9m1i9,'Dog toy ' Lidl.,,https://i.redd.it/3w5ox9sotyo31.jpg,1569515443.0,64,0.92,18,CasualUK,bbreslau
d9m0dq,Well that wasn‚Äôt there on my way to work this morning,,https://i.redd.it/4cn287t9tyo31.jpg,1569515300.0,220,0.99,69,CasualUK,officiallouisgilbert
d9lr9w,One Man Fights Off FOUR Home Intruders,[deleted],https://v.redd.it/qsle6g95vso31,1569514211.0,92,0.97,39,CasualUK,[deleted]
d9lou9,Never played Tetris in their lives,,https://i.redd.it/ubvwsl17pyo31.jpg,1569513926.0,66,0.95,18,CasualUK,thesmithsisdead
d9la2g,A friendly reminder from the TFL,,https://i.redd.it/q2jn5mcwjyo31.jpg,1569512159.0,526,0.99,9,CasualUK,Bioked
d9kif6,A motto for us all,,https://i.redd.it/gfxpryog9yo31.jpg,1569508662.0,122,0.99,8,CasualUK,[deleted]
d9kfk4,NOW I found this gem in a charity shop,,https://i.redd.it/s0bw8tyf8yo31.jpg,1569508296.0,63,0.96,16,CasualUK,superlordbasil
d9j2v7,please help find my friend's mom (mod approved). more details in comments.,[deleted],https://i.redd.it/gf1dy7uhoxo31.jpg,1569501588.0,226,0.96,23,CasualUK,[deleted]
d9iytf,"My best mate, royal marine in the paras, saw this car today.",,https://i.imgur.com/kDAyxwr.jpg,1569501007.0,168,0.87,51,CasualUK,Dannyguard
d9in29,Trying to cancel my broadband contract ruined my day,[deleted],https://www.reddit.com/r/CasualUK/comments/d9in29/trying_to_cancel_my_broadband_contract_ruined_my/,1569499226.0,54,0.92,41,CasualUK,[deleted]
d9hzkn,The cake I decorated when I moved department,,https://i.redd.it/ofwmvmss5xo31.jpg,1569495297.0,144,0.97,5,CasualUK,swizzelstick2
d9hg2u,My friend from work is moving to a new job so I made her a cake,,https://i.redd.it/qkcddiawuwo31.jpg,1569491674.0,38188,0.95,352,CasualUK,happyperson
d9gyra,"It doesn‚Äôt seem to matter how old I get, but whenever I see conkers on the floor, I still get excited and start looking for a champion.",,https://i.redd.it/9kh1z8iekwo31.jpg,1569488108.0,230,0.99,19,CasualUK,AceBobe
d9grj6,A bullshitarian's guide to veggie sausage rolls,"So, I'm a dirty bastard who wants to eat slightly less meat but has zero interest in not being a dirty bastard.  

I saw a comment thread a while ago on here comparing some vegan sausage rolls and realised that my time to shine had come.  I could attempt to eat *all* the pies (or in this case, veggie sausage rolls) and provide a 10 word review of them to you gentlemen, so you don't have to.  

So without further ado here begins the first volume  of a labour of love.  I invite recommendations of what I should try next.  

*Greggs vegan sausage roll:*
 
Pros: tasty, warm, reasonably priced.

Cons: none really

Verdict: solid


*Morrisons veggie sausage rolls*

Pros: comes in a pack of two

Cons: tastes like eating sage and onion stuffing

Verdict: I don't like sage and onion stuffing


*Quorn sausage roll found in Tesco's*

Pros: probably as tasty as the Greggs ones

Cons: cost more than the Greggs ones.  Not vegan.  

Verdict: solid


*Tesco's cheese and beans roll*

Pros: Dirty, come in a multipack

Cons: obvs not proper vegan

Verdict: These definitely appeal.  


*Ginsters morrocon veg pasty*

Pros: proper vegan

Cons: Only sausage roll adjacent.  Bland.  

Verdict: There's a reason ""proper vegan"" was the only pro I came up with

*Generic cheese and onion rolls*

Pros:. Multipack.  Sold literally everywhere.

Cons: like cheese and bean rolls but not as good

Verdict: ok.


*Home made mushroom roll*

Pros: delicious, can be served with a pint

Cons: found (so far) only in a pub in Cambridge, 3 hours travel from my home.  Other sources may vary.

Verdict: delicious


*University halls of residence vegan sausages*

Pros: I've not been a student for decades so eating these was a one off

Cons:  Literally everything. 

Verdict:. Like someone took bubble and squeak, made it shitter and formed it into sausage shape.  



As mentioned, I'm looking for more recommendations.  Can't go to Greggs every day, the walk is too much like exercise.  See you next time I have a batch of reviews.",https://www.reddit.com/r/CasualUK/comments/d9grj6/a_bullshitarians_guide_to_veggie_sausage_rolls/,1569486487.0,385,0.96,154,CasualUK,Reetgeist
d9g7iw,Just saw a lady at Victoria station drop her bank card and four people immediately rushed up and told her. It was really quite beautiful,,https://www.reddit.com/r/CasualUK/comments/d9g7iw/just_saw_a_lady_at_victoria_station_drop_her_bank/,1569482184.0,281,0.96,52,CasualUK,daveofreckoning
d9c6es,An interesting spot I found in the middle of the London during my lunch (somewhere near Chancery Lane),,https://i.redd.it/kjdnw5o84uo31.jpg,1569458453.0,148,0.98,9,CasualUK,jamathers
d9bncj,Thomas cook scam,"If it's not already a bad situation, it has now been reported that there are scammers calling people claiming to be from a refund department of Thomas Cook and asking for people's details.

Just a friendly heads up and please if you know any vulnerable person that had anything booked through Thomas Cook, let them know. 

The link to Action Fraud page relating to this:


https://www.actionfraud.police.uk/alert/warning-thomas-cook-refund-scams",https://www.reddit.com/r/CasualUK/comments/d9bncj/thomas_cook_scam/,1569455768.0,113,0.97,2,CasualUK,coca-pepsi-cola
d99ey7,"Found this in the till today, didn't even know they existed.",,https://i.imgur.com/7plgckY.jpg,1569444707.0,70,0.97,37,CasualUK,naraic42
d97ocn,We bash the UK a lot on here but we have the best country roads,[deleted],https://i.redd.it/q756v62idso31.jpg,1569437353.0,285,0.95,52,CasualUK,[deleted]
d97msd,At work today and this handsome beast came out of the sea!,[deleted],https://i.redd.it/tnu9d9vycso31.jpg,1569437174.0,219,0.99,30,CasualUK,[deleted]
d97k0i,This is the sunset from the train I‚Äôm working tonight. Best office view in the world.,[deleted],https://i.redd.it/zkrs2a2xbso31.jpg,1569436842.0,77,0.98,6,CasualUK,[deleted]
d97anh,The best things in life are... ¬£16.99?,,https://i.imgur.com/KdH4mub.jpg,1569435731.0,480,0.99,22,CasualUK,caspararemi
d974g6,"New paper cups for McDonald""s McFlurries. Hope they don't end up like their paper strawsü§û",,https://i.redd.it/u4ohw9nf6so31.jpg,1569434977.0,61,0.95,53,CasualUK,JiwooHong
d9686l,The driving theory test is so hard these days,,https://i.redd.it/685bkgnzuro31.jpg,1569431125.0,121,0.98,19,CasualUK,[deleted]
d95ty3,Been to Yorkshire Wildlife park today and saw this big kitty watching over his domain.,,https://imgur.com/1x8M6pB,1569429444.0,119,0.95,22,CasualUK,SomeEnglishChap
d94v1q,Deep cleaned and valeted you say. In the city centre in Leeds no less. Ooo sir.,,https://i.redd.it/r7lavxpkdro31.jpg,1569425270.0,157,0.98,16,CasualUK,[deleted]
d93x8i,Just witnessed the most casually chaotic man in Aldi...,"Right this is so strange. 
Guy in front of me had a basket of things. Instead of taking them out and placing on the belt he just straight up dumped the basket out. 

Contents of the basket 
1 block of white mild cheddar. 
1 pack of sunflower spread
1 pack of microwave basmati 
10 packs of oven bottom muffins

I have so many questions. He bagged at the till as well just lobbing the muffins into bags without care of if they get squished. 

Who needs 40 muffins?! 
But thanks chaotic man, I needed a chuckle and your calmness in all of this did entertain me.",https://www.reddit.com/r/CasualUK/comments/d93x8i/just_witnessed_the_most_casually_chaotic_man_in/,1569421114.0,83,0.96,45,CasualUK,tinyarmyoverlord
d93p67,Pret A what?,[deleted],https://i.redd.it/26ak0by5yqo31.png,1569420095.0,515,0.9,113,CasualUK,[deleted]
d93cv9,Had the treat of fitting this bad boy today,,https://i.redd.it/ti49kkg7tqo31.jpg,1569418421.0,16415,0.98,344,CasualUK,Praxi0
d92z8r,"Went to the Doctors the other day, he told me I had",,https://imgur.com/0Xv9GzI,1569416603.0,67,0.9,2,CasualUK,[deleted]
d92vg7,Rate my conker,,https://i.imgur.com/qi2Opy7.jpg,1569416061.0,114,0.99,32,CasualUK,Flewbs
d923x7,The Bus Battles Are Upon Us,,https://i.redd.it/3wqtirgu9qo31.jpg,1569411944.0,323,0.99,33,CasualUK,SwordYieldingCypher
d91xtn,Saw this on Instagram yesterday ü§Æ,,https://v.redd.it/pt2zphby6qo31,1569410936.0,95,0.92,34,CasualUK,wawiwuwe
d91vfe,Who needs Tinder when you've got the Co-Op noticeboard.,,https://i.redd.it/kky5n5at5qo31.jpg,1569410550.0,222,0.98,54,CasualUK,Flanj
d91vd9,Local church banner echoing my feelings right now,,https://imgur.com/kcGrszL,1569410540.0,305,0.98,12,CasualUK,itadakimasu_
d91ifx,Cornish dancers with flat gook headgear,,https://i.redd.it/z9vbyzv1zpo31.jpg,1569408280.0,54,0.88,15,CasualUK,tyw7
d91fai,"The best part of a full English, the beany egg mop up. My partner disagrees.",,https://i.redd.it/jwuihc9expo31.jpg,1569407725.0,77,0.78,26,CasualUK,sausageface123
d91dzj,Suggested to share in this group in the comments,,https://www.reddit.com/r/soccer/comments/d90lrs/help/,1569407505.0,312,0.98,11,CasualUK,Harvacious
d90xho,These 2 weren‚Äôt impressed that I interrupted their breakfast this morning,,https://i.redd.it/1xsmfre7npo31.jpg,1569404294.0,99,0.96,1,CasualUK,migeldyhiggens
d90uph,Fond memory,[deleted],https://i.redd.it/nrr04rkelpo31.jpg,1569403709.0,1820,0.98,59,CasualUK,[deleted]
d8zxer,My daughters face when she eats cheese. Happy Wednesday everyone.,,https://i.redd.it/n037bhktzoo31.jpg,1569396430.0,301,0.85,32,CasualUK,English_Joe
d8zt64,I‚Äôm on a trip to the Isle of Man and found a working Reliant Fox!,,https://i.redd.it/86eh2c49xoo31.jpg,1569395569.0,265,0.98,26,CasualUK,SquashyDisco
d8zn3a,"Moorgate tube station, Tuesday evening.",[deleted],https://imgur.com/w9mcZe3,1569394384.0,12095,0.97,338,CasualUK,[deleted]
d8xiie,"Halfway up Ben nevis, we were determined to get to the top before that sunset.",,https://i.redd.it/8bl2gguopno31.jpg,1569380916.0,95,0.97,7,CasualUK,LoamWolf98
d8u666,We are so lucky to have some of the most beautiful sunsets in the world here!,,https://i.redd.it/wsphejwm6mo31.jpg,1569362415.0,133,0.97,10,CasualUK,[deleted]
d8s6hp,Clearly Noel is her favourite.,,https://i.redd.it/xveuk4otglo31.jpg,1569353721.0,60,0.92,17,CasualUK,Sister_Jimjams
d8rshc,These toilets at the London Transport Museum,,https://imgur.com/OM9t78a.jpg,1569352066.0,159,0.98,20,CasualUK,Scary_
d8rpje,Relatable...,,https://i.redd.it/z61yiinyalo31.jpg,1569351747.0,229,0.95,13,CasualUK,VictoriaMusicOnline
d8rmk7,A wonderful gesture from a local pie restaurant for former Thomas Cook employees.,,https://i.redd.it/rus87k8g9lo31.png,1569351383.0,185,0.95,22,CasualUK,gsurfer04
d8rl35,Just paid by card in a chippy. It's officially the future.,,https://www.reddit.com/r/CasualUK/comments/d8rl35/just_paid_by_card_in_a_chippy_its_officially_the/,1569351205.0,68,0.94,35,CasualUK,marxjohnson
d8rele,They had Hull pegged back in 1926,,https://i.imgur.com/8PFmROy.jpg,1569350415.0,115,0.99,7,CasualUK,loudribs
d8r5v1,Anyone else absolutely hate these little buggers getting into your house?,,https://i.redd.it/qof8cxur3lo31.jpg,1569349332.0,78,0.94,32,CasualUK,Mojoblackwhite
d8qj6m,Rachel Riley celebrating 10 years of Countdown.,[deleted],https://imgur.com/FoMZt0j,1569346553.0,13011,0.96,391,CasualUK,[deleted]
d8plea,Was sitting behind 2 school kids and they left their juice bottle on the floor.,,https://i.redd.it/1h2hcclkjko31.jpg,1569342544.0,87,0.97,15,CasualUK,[deleted]
d8pb3h,"This magnificent relic of a playground *solid* Moor Park , Preston.",,https://i.redd.it/s9c606xofko31.jpg,1569341307.0,99,0.98,10,CasualUK,[deleted]
d8p1qg,Poor Wes from Cheadle. Hope his girlfriend doesn‚Äôt read the BBC news.,,https://i.redd.it/0ggiqktjcko31.jpg,1569340175.0,421,0.99,35,CasualUK,nejdnsn865
d8oyqa,"Honestly lads, you rest up, I'll just use the next one.",,https://i.redd.it/2xyhrmrcbko31.jpg,1569339790.0,855,0.99,43,CasualUK,die4codgrimsby
d8oukk,The Holy Trinity,,https://i.redd.it/qdzg1gsu9ko31.jpg,1569339271.0,1481,0.99,105,CasualUK,DrMaxMonkey
d8nnkq,Edgar Wright has posted tons of behind the scenes photos of Spaced for it's 20th anniversary today,,https://twitter.com/edgarwright/status/1176391645497085953,1569333905.0,128,0.97,19,CasualUK,professionalcynic1
d8nk2o,"People in the background of Dickinson's Real Deal, trying to get themselves on TV",,https://i.imgur.com/gYquNHv.jpg,1569333435.0,852,0.99,18,CasualUK,lostgate
d8mqj7,"Yep, that's cack.",,https://i.redd.it/qlxi5ifdgjo31.jpg,1569329414.0,585,0.98,85,CasualUK,down_vote_magnet
d8mo58,"Running about South Wales, stumbled on this old chapel...",,https://i.redd.it/5d2bgyjlfjo31.jpg,1569329101.0,199,0.98,15,CasualUK,Simmo2242
d8m70l,"As is customary for me, most evenings I doze off to a horror film. Tonight it was Howling II.... just watching the opening credits and saw a familiar face!",,https://i.redd.it/95a9audd8jo31.jpg,1569326665.0,72,0.95,12,CasualUK,baxterrocky
d8ksxf,GWR survey has to include four digit boxes for the cost of a single train ticket.....,,https://i.redd.it/7590abrvhio31.jpg,1569317763.0,112,0.98,17,CasualUK,mo0n3h
d8kmxh,Even BT can't believe they have another happy customer,,https://i.imgur.com/Le7RTUe.jpg,1569316494.0,232,0.97,47,CasualUK,kenbw2
d8kmgf,I saw a Google streetview car a while back...,[deleted],https://i.redd.it/x6zeoc8vdio31.jpg,1569316404.0,150,0.97,7,CasualUK,[deleted]
d8kh5t,Jenifer Lopez spotted in Manchester this morning. You‚Äôd think she would drive a better car,,https://i.redd.it/evj8d8k2bio31.jpg,1569315465.0,73,0.92,4,CasualUK,RichardsonM24
d8k996,"It is wet, and here are some posts about it: The Rain Thread.",[deleted],https://www.reddit.com/r/CasualUK/comments/d8k996/it_is_wet_and_here_are_some_posts_about_it_the/,1569313724.0,86,0.98,99,CasualUK,[deleted]
d8k32m,Can't believe it!,,https://i.redd.it/74sbrksz1io31.jpg,1569312411.0,64,0.84,14,CasualUK,[deleted]
d8k2wp,"Oh, the joys of rural policing!",,https://i.redd.it/l2ux8l3w1io31.jpg,1569312377.0,680,0.99,39,CasualUK,Saphira404
d8jww3,"Because the regular bus to work is always full of school kids and about 20 minutes late everyday, I have to take the dedicated school bus to work and walk the rest of the way, this is how busy it is everyday.",,https://i.redd.it/ofvj6th2yho31.jpg,1569311092.0,119,0.98,26,CasualUK,SteveOMatt
d8jsmi,2 days ago I looked out the back door and said ‚ÄúThe garden could do with a bit of rain‚Äù. Sorry everyone in the South East - my bad.,[deleted],https://i.redd.it/ad96o19cvho31.jpg,1569310176.0,1076,0.97,105,CasualUK,[deleted]
d8johw,Little Venice in London!,,https://i.redd.it/hec8snuqsho31.png,1569309306.0,120,0.95,11,CasualUK,FieldstheExplorR
d8jhav,This branch of Thomas Cook is hoping you get...,,https://i.redd.it/cycu97phoho31.jpg,1569307873.0,9912,0.96,153,CasualUK,brunch_bars
d8g5bd,this green and pleasant land,,https://v.redd.it/kh0oxlyd1go31,1569288013.0,140,0.98,12,CasualUK,shmecklestein
d8dr2o,Where do the people on property programmes get their money from? The amount they‚Äôve managed to save always baffles me.,"‚ÄúJohn is a retired builder and his wife is a stay at home mum. Their budget is ¬£80,000‚Äù. Who ACTUALLY has that kind of money?",https://www.reddit.com/r/CasualUK/comments/d8dr2o/where_do_the_people_on_property_programmes_get/,1569276516.0,56,0.95,24,CasualUK,Soundasleepx
d8ctzk,"Oh right, cheers mate.",,https://i.redd.it/wqagbfrzqeo31.jpg,1569272391.0,360,1.0,36,CasualUK,kegcellar
d8cro5,(right),[deleted],https://imgur.com/z3s9R5B,1569272120.0,78,0.95,3,CasualUK,[deleted]
d8c98w,Saw this monstrosity in an Asda car park,,https://i.redd.it/414raa4ljeo31.jpg,1569269908.0,79,0.88,21,CasualUK,KingWolfcrown
d8au6b,Frosties Mega Hits,,https://i.redd.it/dzu2iha92eo31.jpg,1569264117.0,58,0.91,10,CasualUK,marccass
d89kdo,The difference of a weekend in Brum.,,https://i.redd.it/os96xn80ndo31.jpg,1569258943.0,101,0.93,12,CasualUK,benunplugged
d895c9,Breaking Bad was a little more tame if it was set in Southampton.,,https://imgur.com/bVUjiYh,1569257267.0,75,0.93,3,CasualUK,Cunt_Puffin
d894sp,The Woodland Trust is calling for 1m people to join a UK wide tree planting campaign - I reckon the UK could do with a few more trees again..,,https://campaigns.woodlandtrust.org.uk/page/46713/data/1?locale=en-GB#collapseOne,1569257197.0,202,0.99,27,CasualUK,clamberer
d88iqq,One of our honourable NHS staff hard at work in my local pharmacy.,,https://i.redd.it/ph8t55xl9do31.jpg,1569254536.0,305,0.99,28,CasualUK,mogie_
d88hww,"How does one drive an old, Welsh bus?",,https://i.redd.it/nzuutrwk9do31.jpg,1569254428.0,2274,0.99,56,CasualUK,Dhorlin
d87yqa,This is the ideal ratio. You may not like it but this is what peak performance looks like.,,https://i.imgur.com/f0UjuT5.jpg,1569252070.0,1544,0.97,138,CasualUK,LemonsAT
d87mnu,Travelling in style to Glasgow,,https://i.redd.it/8evfl1j5yco31.jpg,1569250586.0,148,0.97,7,CasualUK,Stupendous_Man_73
d87h1a,What kind of volunteer are you?,,https://i.redd.it/3pslm51wvco31.jpg,1569249855.0,229,0.99,18,CasualUK,Manihoohaa
d87ddk,Nothing to see here...,,https://i.imgur.com/zgkSutk.jpg,1569249386.0,68,0.93,13,CasualUK,Monkfish
d87c3a,My local museum in Sundelrand may be slightly underfuneded,,https://i.redd.it/yxhy6hqytco31.png,1569249214.0,209,0.98,14,CasualUK,ManILoveFarming
d878hn,"Coop, you cheeky cheeky bastards",,https://i.redd.it/excwajjmsco31.png,1569248744.0,276,0.89,43,CasualUK,thelastirnbru
d86we4,So secret it's on all the signposts,,https://imgur.com/9OeMMd5,1569247133.0,82,0.91,19,CasualUK,[deleted]
d85w6n,Gotta love uni,,https://i.redd.it/bkenekng8co31.jpg,1569241955.0,20794,0.88,1347,CasualUK,RbnAwsm
d85lrc,Morons on the bitesize advert,"That bloody BBC bitesize advert where the kids are asking a ton of questions, and the one that finally stumps the parents is ""why do we have day and night?"". The parents look at each other perplexed, and give a shrug, before getting the laptop out to solve this mystery.

Fuck me",https://www.reddit.com/r/CasualUK/comments/d85lrc/morons_on_the_bitesize_advert/,1569240409.0,147,0.98,36,CasualUK,LukeSmacktalker
d84zoe,The man who could have saved Thomas Cook...,,https://i.redd.it/0t7zshv2tbo31.jpg,1569236772.0,2664,0.98,119,CasualUK,RichMusic81
d84xlp,Correct wheelie bin etiquette.,,https://i.imgur.com/hOLrwae.jpg,1569236442.0,411,0.99,37,CasualUK,HonoraryMancunian
d84ojh,Armoured car in Manchester,[deleted],https://i.redd.it/ga9gvkszh7o31.jpg,1569234761.0,75,0.95,26,CasualUK,[deleted]
d84nc1,Live Tube map that shows where the trains actually are,,https://traintimes.org.uk/map/tube/schematic/,1569234498.0,129,0.99,24,CasualUK,nicebloke
d8443g,Life is a roller coaster...,[deleted],https://i.redd.it/yuzvt8n1bbo31.jpg,1569230708.0,594,0.99,22,CasualUK,[deleted]
d8427f,"Just got this for the wife for her birthday, hopefully she'll find someone",,https://i.redd.it/46ifnrvr9bo31.png,1569230322.0,71,0.9,8,CasualUK,britishlionsden
d83ji0,The Stanstead airport Wetherspoons doesn't have a carpet and I'm freaking out.,,https://i.redd.it/otk43jsyxao31.jpg,1569226317.0,396,0.96,43,CasualUK,ManCrisp
d83f4g,To the person who‚Äôs already changed every verb on the Thomas Cook Wikipedia pages into the past tense by 08:49: I‚Äôm impressed and slightly jealous of how little you have on today,[deleted],https://i.redd.it/dul36jc6vao31.jpg,1569225370.0,13197,0.98,282,CasualUK,[deleted]
d80d0q,"Thomas Cook has ceased trading with immediate effect, cancelling all flights and bookings.","I‚Äôve linked a Twitter thread that has most of the information you could need which should help or provide some insight. My sympathies go out to the employees of the 500+ retail stores that have been closed overnight and the 22,000 employees internationally. Hopefully if there‚Äôs anyone in this sub currently on a Thomas Cook holiday, this post might be of some help.

Link to Thread - 
https://twitter.com/i/events/1175644022917873664

Link to site providing support - 
https://thomascook.caa.co.uk/",https://www.reddit.com/r/CasualUK/comments/d80d0q/thomas_cook_has_ceased_trading_with_immediate/,1569205707.0,168,0.96,168,CasualUK,TheLegendOfCheerios
d7xfzi,They were only serving halves for OVER A YEAR.,,https://i.redd.it/jcvte86008o31.jpg,1569190676.0,62,0.93,11,CasualUK,currentmissgb
d7xcid,All that whitebait out on the roads!,,https://imgur.com/nogoVdJ,1569190180.0,79,0.97,6,CasualUK,AliceTrippDaGain
d7x7b7,Surprisingly arty photo I took the other morning,,https://i.redd.it/aam5lkaiw7o31.png,1569189498.0,468,0.99,18,CasualUK,Tea-MilkAnd1
d7wts1,I told my girlfriend she was second to carbs so I got this cake...,,https://i.redd.it/cutfeq05r7o31.jpg,1569187692.0,123,0.98,27,CasualUK,goliathsdkfz
d7wqxa,We are sorry that the 3.30 transpenine express train to Huddersfield is delayed. This is due to some lunatic fucking shooting the train.,,https://i.redd.it/4o2zcq82q7o31.jpg,1569187335.0,118,0.99,42,CasualUK,denimbastard
d7wiiu,Who are they kidding?,,https://i.redd.it/rg9ia5lwm7o31.jpg,1569186269.0,71,0.92,28,CasualUK,English_Joe
d7vsa7,"I'm a Yorkshireman and I live in the North Carolina, USA. This was needed. So I made them. It helped. :-)",[deleted],https://i.redd.it/lxt86zpuc7o31.jpg,1569182959.0,380,0.95,74,CasualUK,[deleted]
d7vb3i,"2 months ago I posted about my missing dog - Lads and Ladettes, we got him",,https://i.redd.it/cf2z8obs67o31.png,1569180870.0,2851,0.98,46,CasualUK,majorbanter
d7v6fk,Sunset on my drive home this evening,,https://i.redd.it/zm4sgyz657o31.jpg,1569180312.0,220,0.96,4,CasualUK,guarding_dark
d7uow5,"Biff, Chip and Kipper? I've shit 'em",,https://i.redd.it/eyf8gnqty6o31.jpg,1569178191.0,66,0.93,16,CasualUK,SquireBev
d7u4hk,A lovely sunset after the wettest day in living memory,,https://i.redd.it/7933rwkhr6o31.jpg,1569175708.0,195,0.98,8,CasualUK,pistrel
d7tkn1,"First time visiting the peak district, beautiful.",,https://i.redd.it/1xk3jv57k6o31.jpg,1569173268.0,65,0.99,4,CasualUK,choppypuddle
d7t9op,"If you call this anything but a chip butty, you are a philistine",,https://i.redd.it/lvo6p4v7g6o31.jpg,1569171915.0,1761,0.96,402,CasualUK,[deleted]
d7sgp6,Aggressively set down my best brew mug today......,,https://i.redd.it/8kku6fav56o31.jpg,1569168434.0,98,0.97,19,CasualUK,ScazBaz
d7sfzb,Yorkshire 3 Peaks - hard graft,[deleted],https://i.redd.it/lzgy4idm56o31.jpg,1569168351.0,97,0.95,6,CasualUK,[deleted]
d7rcru,What is this? It can't possibly be considered scaffolding can it?,,https://i.imgur.com/iSqAseg.jpg,1569163561.0,112,0.99,36,CasualUK,richh00
d7rbfr,"Being stuck behind a Megabus coach on the M32 and having the eldritch abomination that is the Megabus Man stare into the deepest, darkest depths of my soul, pointing at me like I'm his next victim","What the fuck is it with their creepy logo? Goddamn, Megabus, National Express can get along perfectly fine just having their name as their logo but you have paste that lovecraftian, rosy-cheeked horror on every one of your accursed buses. I hate that it's pointing at me, too. Like, 'you, mortal. You are next. I shall consume both the atoms that comprise your wretched form and thusly the very essence of your pathetic consciousness.' Seriously, change it.",https://www.reddit.com/r/CasualUK/comments/d7rbfr/being_stuck_behind_a_megabus_coach_on_the_m32_and/,1569163377.0,66,0.97,9,CasualUK,Mega_Dunsparce
d7qz8a,This sign outside McDonalds in Poole,[deleted],https://i.redd.it/cb79p061m5o31.jpg,1569161761.0,634,0.99,40,CasualUK,[deleted]
d7qx7m,I am pleased to announce that I have also had a bountiful harvest! This aubergine has been the same size for the last 6 weeks... (pound coin for scale),,https://i.redd.it/2aolzxy5l5o31.jpg,1569161480.0,266,0.99,24,CasualUK,Bravo1781
d7pq30,A refreshingly honest toilet notice,,https://i.imgur.com/FxgGEqL.jpg,1569155074.0,140,0.98,6,CasualUK,mojomuller
d7po9s,Newcastle upon Tyne,,https://i.redd.it/uhk2hlz815o31.jpg,1569154774.0,60,0.94,8,CasualUK,AwaisAlii
d7plio,YER DA SELLS AVON,,https://imgur.com/DITLD09,1569154297.0,131,0.97,5,CasualUK,JBCaptain
d7pidg,"Just found one of these, I hear they're rare :)",,https://i.redd.it/9qln6t1by4o31.jpg,1569153782.0,58,0.91,12,CasualUK,robotsandtoast
d7pc3r,Making a hungover Sunday morning worse (NSFL),,https://imgur.com/LQ64DUQ,1569152666.0,69,0.92,16,CasualUK,Virtuse_
d7oqbd,Accidentally dropped some chilli seeds in our Aloe plant and now it‚Äôs flourishing!,,https://i.redd.it/a69v753gi4o31.jpg,1569148455.0,150,0.98,8,CasualUK,gidders42
d7ohx0,"My home for the past few days. No WiFi, no mobile signal. Miles from anywhere. Bliss.",,https://i.redd.it/gzfsqt16d4o31.jpg,1569146742.0,199,0.88,29,CasualUK,UberPirateNinja
d7ocrn,Who doesn‚Äôt love being married,,https://i.redd.it/60xki53aa4o31.jpg,1569145706.0,31708,0.94,264,CasualUK,kiddsky
d7oas8,The Real Heroes #Arnhem75,,https://i.redd.it/6t5j45oz84o31.jpg,1569145270.0,462,0.94,27,CasualUK,The_Kid_1999
d7o1d1,Got one my neighbours arrested last night,[deleted],https://www.reddit.com/r/CasualUK/comments/d7o1d1/got_one_my_neighbours_arrested_last_night/,1569143303.0,109,0.96,13,CasualUK,[deleted]
d7nymc,Primary school games - did any one here play ‚ÄòStuck In The Mud‚Äô?,"It was like an evolved(!) version of Tag/Tig/It, if you got caught, you had to stand still and could only be ‚Äòreleased‚Äô from the mud if another player crawled through your legs. 
The aim was to get everyone ‚Äòstuck‚Äô in order to win the game.",https://www.reddit.com/r/CasualUK/comments/d7nymc/primary_school_games_did_any_one_here_play_stuck/,1569142752.0,452,0.98,118,CasualUK,Rextherabbit
d7nvma,Yesterday I cut a car in half.,,https://i.redd.it/ulx9ze9hz3o31.jpg,1569142071.0,150,0.95,43,CasualUK,thefuckdidijustsee
d7nq25,The Hoff at a pub in South Wales,,https://i.redd.it/7b8sv1ntv3o31.jpg,1569140842.0,5799,0.96,176,CasualUK,Andrewhaha
d7nj9t,Well this was a bit too much awkwardness for a Sunday morning.,,https://imgur.com/Q2Xj5Jk.jpg,1569139412.0,958,0.98,90,CasualUK,soundknowledge
d7n89x,Good morning :),,https://i.redd.it/5fbr5ujik3o31.jpg,1569137037.0,1011,0.97,25,CasualUK,ShutTheFrontDoor__
d7l87f,I'll just leave this here,,https://i.redd.it/yp4olq5o8zn31.jpg,1569123516.0,85,0.86,21,CasualUK,agapepaga
d7kb58,I got 10 Crumpets instead of 9,,https://i.redd.it/3uvit2s0pzn31.jpg,1569118227.0,148,0.96,11,CasualUK,Round_Rock_Johnson
d7hgv6,Do you never stop and think how mad it is they built the viaducts so long ago without modern machinery?,,https://i.redd.it/jwo5scq2x0o31.jpg,1569104939.0,120,0.97,36,CasualUK,allthekos
d7hbb2,Heritage carrots,,https://i.redd.it/5fet14e7v0o31.jpg,1569104313.0,102,0.96,8,CasualUK,Londonercalling
d7gmnj,Alexandra Palace from the roof of the Wood Green Shopping Centre car park,,https://i.redd.it/qx6hotqgm0o31.jpg,1569101383.0,109,0.97,16,CasualUK,PhordPrefect
d7g41d,Aldis new advertising campaign for 2019..,,https://i.redd.it/mhvir6cdf0o31.png,1569098986.0,1196,0.97,42,CasualUK,[deleted]
d7fpui,Last night's sunset in North West Wales.,,https://i.imgur.com/dniTNJ1.jpg,1569097252.0,1189,0.99,28,CasualUK,jasonrob81
d7fcuo,"Found on a driveway in Chorley, Lancashire. Can someone please explain?",,https://i.redd.it/l30iak9b50o31.jpg,1569095621.0,50,0.9,13,CasualUK,GoodDealOnUm8
d7f80j,"Can‚Äôt imagine there‚Äôs much call for these, ASDA...",,https://i.redd.it/e5b88tdj30o31.jpg,1569095006.0,69,0.94,5,CasualUK,vbloke
d7dg3l,When the bank invites you to fraud and scam,,https://i.redd.it/t1tnlbfgfzn31.jpg,1569086909.0,145,0.99,34,CasualUK,thefizzbomber
d7cksk,The view from Goodrich Castle. üëåüëå,[deleted],https://i.redd.it/9k7hcrdd3zn31.jpg,1569082844.0,74,0.93,4,CasualUK,[deleted]
d7cie8,Oh dear.,,https://i.redd.it/p31ncq1g2zn31.jpg,1569082533.0,1106,0.99,33,CasualUK,TrainLad10
d7cgzu,Was not disappointed with my trip to Exeter... How??,,https://i.redd.it/xnf3hptw1zn31.jpg,1569082354.0,248,0.97,38,CasualUK,IchHabeKeineFreunden
d7c4pk,Frog bin with added wildlife,,https://i.redd.it/htebprv3wyn31.jpg,1569080750.0,189,0.99,20,CasualUK,kolymsky
lxkpt7,Genuine convo with a co-worker who was really anxious about a small surgical procedure..,"So this guy is lovely but sometimes isn't the quickest:

Me) Don't get stressed D you'll be fine

D) I know I am overthinking it but it does worry me having an anesthetic

Me) Ah okay is it Local or General?

D) Local mate, it's in Bognor (a town 3 miles away)

&amp;#x200B;

Cracked me up and had to share!.",https://www.reddit.com/r/CasualUK/comments/lxkpt7/genuine_convo_with_a_coworker_who_was_really/,1614865213.0,432,0.99,10,CasualUK,Status-Victory
lxkfp2,Trying to teach my mate from Suffolk to say words proper like.,,https://i.redd.it/g7mmlvw9j0l61.jpg,1614864353.0,112,0.91,17,CasualUK,razzmatazz234
lxjusm,Blursed Inbetweeners,[deleted],https://i.redd.it/j7dwp58yd0l61.jpg,1614862553.0,151,0.91,42,CasualUK,[deleted]
lxiqbk,"Yes, yes I would",,https://i.redd.it/hkd1gm3r10l61.jpg,1614858451.0,8712,0.99,256,CasualUK,galacticlaserpenguin
lxio7c,I fixed this American guide,,https://i.redd.it/m0qka9b210l61.jpg,1614858220.0,156,0.84,64,CasualUK,jambo_1983
lxii21,This was just post to our local village group,,https://i.imgur.com/rF3iVtG.png,1614857628.0,379,0.97,78,CasualUK,Minky_Dave_the_Giant
lxidt4,"I casually wanted to share this photo my parents took while they lived there in UK, 2001.. because I love this sub so wanted to upload smth and its the only thing related to uk in my phone rn lol (Idk where that is..I think Edinburgh)",,https://i.redd.it/qrg6u2jvxzk61.jpg,1614857150.0,230,0.93,57,CasualUK,lemonmakesmehappy
lxiaz3,Since when has Gold bars got this small??,,https://i.redd.it/z4m7ypswwzk61.jpg,1614856823.0,69,0.93,21,CasualUK,CaveteCanem
lxi6ty,Outside assisted living and a hospital.. Imagine coming out of hospital and having to deal with this.,,https://i.redd.it/zdnp5jmhvzk61.jpg,1614856345.0,110,0.98,47,CasualUK,whysoseriousmofo
lxhx0h,'Gentleman please don't pee radiation on the toilet seats' is currently the hightlight of my visit to the nuclear medicine department.,,https://i.redd.it/ife5ub09szk61.jpg,1614855256.0,110,0.98,27,CasualUK,BillyBoskins
lxh0mu,You can do it!,,https://i.redd.it/61ymanc8gzk61.png,1614851228.0,917,0.99,70,CasualUK,jamesaw22
lxg6qs,Feels like just 5 minutes ago we were all talking about being Jedi,,https://i.redd.it/63mizuur4zk61.jpg,1614847361.0,22137,0.93,1661,CasualUK,cazman555
lxfw16,Getting my hopes up. Found in the back of a cupboard (not opened since Christmas),,https://i.redd.it/a0jo2quh0zk61.jpg,1614845925.0,58,0.94,21,CasualUK,westendwhammy
lxf06h,2 years since Keith Flint died,"Get yourself some prodigy on as you get ready for the day and turn it up LOUD.

Write below what you are listening to.
Voodoo people for me.",https://www.reddit.com/r/CasualUK/comments/lxf06h/2_years_since_keith_flint_died/,1614841909.0,149,0.93,80,CasualUK,[deleted]
lxe91j,"Person in my town misses out on ¬£182m jackpot because despite being notified she had a ""Winning Match"" through The National Lottery App, that week she'd had insufficient funds in her account for the sale to go through",,https://www.theargus.co.uk/news/19133315.university-brighton-student-misses-euromillions-prize/,1614838661.0,109,0.94,45,CasualUK,zincglasses
lx6pm0,One day I'll be back,"I just miss it. I am German and studied in Durham for a year. 
I miss not being able to understand anything and saying cheers to the bus driver.
I miss meal deals, getting a takeaway from a place that probably sells drugs, and I miss sitting in spoon's eating 3 servings of halloumi fries while some dude behind me screams the lyrics to oasis. I miss hearing the seagulls where ever I go, the beautiful landscapes and seeing new things everyday. I somehow even miss the fact that you guys drive on the wrong side of the road.


I just want to go back to the British way of life and enjoy myself. You guys have a beautiful country that will forever have a piece of my heart and someday I'll come back and steal all of your Nandos sauces.",https://www.reddit.com/r/CasualUK/comments/lx6pm0/one_day_ill_be_back/,1614812409.0,297,0.97,75,CasualUK,PlanetBear21
lx4eaz,Creme Eggs what?!,,https://i.imgur.com/VtJk247.jpg,1614805696.0,98,0.96,40,CasualUK,eunderscore
lx3wif,Great Orme goats invading Llandudno Retail Park today,,https://i.redd.it/lzumd7ywkvk61.jpg,1614804361.0,1055,0.99,55,CasualUK,saloplad
lx375c,Yummy mail,,https://i.redd.it/v2pif5dgstk61.jpg,1614802413.0,131,0.95,5,CasualUK,BigBeanMarketing
lx2n2a,"If you enjoy frozen treats inspired by your lower digestive tract, why not try the new Twister ice lolly?",,https://www.reddit.com/gallery/lx2n2a,1614800888.0,629,0.97,34,CasualUK,peppermintsquare
lx1wct,When you get out of the shower and just sit contemplating life...,,https://imgur.com/zz6T2iR,1614798935.0,73,0.93,5,CasualUK,Sarcastic-JaffaCake
lx1iyw,Sounds very interesting. Might watch it later,,https://i.redd.it/78mknjnz1vk61.jpg,1614798000.0,137,0.95,12,CasualUK,NotVerySmart3
lx0snu,A paramedic and a Met Police officer have become engaged after meeting on a 999 callout at a chicken shop.,,https://www.bbc.co.uk/news/av/uk-england-london-56256913,1614796122.0,90,0.92,27,CasualUK,rainbowarriorhere
lx0o7g,This beautiful little fella fell down my chimney today- got stuck for a bit but in his way home now! Any ideas about what he is?,[deleted],https://i.redd.it/26zond1gvuk61.jpg,1614795795.0,61,0.96,29,CasualUK,[deleted]
lx0h0d,Part of this charity advertisement has unfortunately peeled off to reveal the previous advertisement underneath.,,https://i.redd.it/nm1ulvyntuk61.jpg,1614795303.0,4323,0.99,108,CasualUK,taz-taz
lwzxn0,Maya has become a hat. New tower bed is a perfect fit,,https://i.redd.it/f9liasgwpuk61.jpg,1614793933.0,307,0.97,14,CasualUK,drLens_in_da
lwz9p1,Think how many people must have been stuck on the top floor before they put this sign up,,https://i.redd.it/1wmqvx5ykuk61.jpg,1614792269.0,178,0.96,9,CasualUK,Shofutastic
lwz92s,"I'm not sure Waitrose treat their cakes well - ""Happy"" has definitely seen things",,https://i.redd.it/nkq10muujuk61.jpg,1614792224.0,129,0.97,6,CasualUK,MadcapRecap
lwxqv5,Enjoying the weather whatever the weather,,https://i.redd.it/rabnvtan9uk61.jpg,1614788467.0,66,0.95,9,CasualUK,youareallcnuts
lwx5ea,"My uncle just died, they announced redundancies at work, I can‚Äôt see my daughter due to covid, I‚Äôm hanging on by a thread but THANKS M&amp;S for a stupid pun that made me laugh and got me through the day.",,https://i.redd.it/gwuih5ja5uk61.jpg,1614787002.0,13485,0.94,214,CasualUK,Alistairio
lwuicp,Reminder: you need to report potholes if you want the council to fix them,"Unfortunately, just moaning about them  doesn't work. Quite a few potholes appeared down our road due to the freezethaw we had a few weeks ago, so I reported them via the council website and this week they filled in HALF OF THEM.  Bloody idiots. What's wrong with the rest of them? Have you run out of tarmac?

Anyway, let them know about your potholes and, if you're lucky, they might fill a few in if they feel like it.",https://www.reddit.com/r/CasualUK/comments/lwuicp/reminder_you_need_to_report_potholes_if_you_want/,1614779972.0,61,0.97,21,CasualUK,Pink-socks
lwtqbq,Thankful for the new waterproof fivers,,https://i.redd.it/xm5uw3eldtk61.jpg,1614777687.0,498,0.99,37,CasualUK,RedBanana99
lwt0ak,The return of the warmer weather brings out such unique wildlife cant believe I got such a close shot!,,https://i.redd.it/3lotbmtr6tk61.jpg,1614775395.0,130,0.94,9,CasualUK,nocte_lupus
lwszdw,My son's rain coat.,,https://imgur.com/P7KmgmZ,1614775305.0,100,0.92,10,CasualUK,FreckleAudit
lwsyis,I appear to have stolen the Rollo's from the poor soul who posted earlier in the week,,https://i.imgur.com/jXsEswR.jpg,1614775229.0,1405,0.99,91,CasualUK,disco_jim
lwsq1k,Horror premise: every piece of Lady Di memorabilia has come back to life and wants revenge.,,https://v.redd.it/wvs0znrp3tk61,1614774449.0,117,0.94,30,CasualUK,CambridgeRunner
lwsljm,The king combo of Spar biscuits ?,,https://i.redd.it/cbmiieni2tk61.jpg,1614773984.0,77,0.93,35,CasualUK,SaulPampson
lwsbq8,"~ Growing up, this man coloured within the lines!",,https://v.redd.it/qrl1ftrfzpk61,1614773086.0,326,0.95,40,CasualUK,timmy-needs-cherry
lwqhuq,My parents alcoholic neighbour on google street view,,https://i.redd.it/o67e2yv0gsk61.jpg,1614766396.0,663,0.97,49,CasualUK,[deleted]
lwq3f8,Picture of saint bees head in Cumbria.,,https://i.redd.it/rie7hgqabsk61.jpg,1614764827.0,143,0.99,11,CasualUK,McDoNaLdS_sPrItE_
lwpsdk,The most hench sheep I've ever seen!,,https://i.imgur.com/m72gKAP.jpg,1614763557.0,85,0.92,23,CasualUK,President-Nulagi
lwppb1,You also know that their last school year was hell,,https://i.redd.it/69kp3kwh6sk61.png,1614763194.0,185,0.89,34,CasualUK,JeddTheHotelCleaner
lwpiwd,My mate has started a YouTube channel where he races pigs,,https://www.youtube.com/watch?v=nyrNPl6JXWU,1614762401.0,138,0.92,24,CasualUK,TheJuic3
lwpeyg,Some quality steals from Poundland,,https://i.redd.it/74zu87hs2sk61.jpg,1614761945.0,366,0.98,27,CasualUK,notapingpongball
lwpclp,Spring is just around the corner,,https://i.imgur.com/B5wlMxh.jpg,1614761677.0,1223,0.98,20,CasualUK,plutonium-239
lwpcfd,Cat-astrophic delays yesterday night,,https://imgur.com/Y90tN6V.jpg,1614761658.0,308,0.98,23,CasualUK,kraven420
lwpa78,Don‚Äôt think that qualifies as recycling in Camden,,https://i.redd.it/8flygd981sk61.jpg,1614761423.0,124,0.96,32,CasualUK,spoonfett
lwp7rc,"I, for one, am going to miss the feck out of lockdown.","I have enjoyed the extra hour and a half each weekday morning. I have enjoyed the quieter roads. I have enjoyed the distance we observed between people (maybe just me on that one). I've enjoyed the slower pace of living that's been forced on us. I've spoken more to my friends about more personal things than before. I've enjoyed the morning dog walks and chats with others walking. I have, no lie, enjoyed the increased time I've had with my rapidly growing up children. I'm not blind to the hardships that many of us have suffered (increased rates of domestic violence for one) and there are things that aren't so great - we all can think of examples - but I've been pleasantly surprised by the truth that it's not things that bring happiness but people. Mostly.

Edit: I feel I need to qualify this post. I am not suggesting this had been the greatest thing since life crawled out of the ocean. It's been unbelievably dire for many,  many people. There have been many deaths directly related to the lockdown and not due to covid-19. People aren't seeing their families and/or loved ones. This is a tragedy. I'm trying to articulate the positives I've drawn from lockdown, in spite of it. I'm not diminishing or glorifying anyone's experience. It's the few things I've listed which I feel are positive *for me* and I think are likely going to be lost as our society returns to, for want of a better word,  normal.",https://www.reddit.com/r/CasualUK/comments/lwp7rc/i_for_one_am_going_to_miss_the_feck_out_of/,1614761110.0,438,0.85,170,CasualUK,LittleEngland
lwozuk,The Great British Tube Stop,[deleted],https://i.redd.it/1nr587pmxrk61.jpg,1614760212.0,175,0.97,23,CasualUK,[deleted]
lwoqz9,"You‚Äôve heard of Elf on a Shelf, now it‚Äôs time for...",,https://i.redd.it/fa26bm4lurk61.jpg,1614759188.0,48370,0.93,655,CasualUK,RichMoose1
lwnvd3,"If I have to see this, so do you",,https://i.redd.it/1874ffgoonk61.jpg,1614755681.0,619,0.98,98,CasualUK,rogeroutmal
lwikeo,"It seems no one at the BBC has heard of Calgon, or they'd know the answer to this",,https://i.redd.it/u6fu1yhn0qk61.png,1614737213.0,207,0.97,24,CasualUK,KillerEgg282
lu23um,The results of the rat naming poll are in......,,https://www.reddit.com/gallery/lu23um,1614475368.0,73,0.98,15,CasualUK,Mischief_Makers
lu0gx8,"I've seen the posted around Facebook. This is a mural of the late Captain Tom Moore who last year raised over ¬£30 million for the NHS on his 100th birthday. If you're outside the UK, look up this great man. Full credit to the person who took this magnificent picture with amazing timing.",,https://i.redd.it/fnbkt3djy3k61.jpg,1614469949.0,59,0.69,11,CasualUK,SteveOMatt
lu089p,An absolutely stunning view from the top of snowdon.,,https://i.redd.it/1r1avu34w3k61.jpg,1614469135.0,86,0.9,13,CasualUK,Ukrainianmigrant
ltz0gf,The sky looking absolutely amazing,,https://i.redd.it/t2qgdynej3k61.jpg,1614465240.0,84,0.97,2,CasualUK,Thecrazygoodguy
ltyinj,The Metro getting a little over excited about the new Line of Duty series üòÇ,,https://i.redd.it/lyiucxyvf3k61.jpg,1614463677.0,237,0.98,13,CasualUK,EE233
ltygbe,"Made some English brekkie for my missus in üá®üá¶, did I get a passing grade?",,https://i.redd.it/yyf956waf3k61.jpg,1614463481.0,82,0.79,97,CasualUK,The____Wizrd
lty4j7,"I'm not sure BBC News -meant- to use such cheery photos for these stories, but still...",,https://i.redd.it/351s59z9c3k61.jpg,1614462464.0,93,0.95,9,CasualUK,Species_8472-0
ltxy6x,Nothing like popping to co-op when you're completely shitfaced,[deleted],https://v.redd.it/eindv7lga3k61,1614461901.0,71,0.91,12,CasualUK,[deleted]
ltxpiu,First signs of Spring out on the dog walk today,,https://i.imgur.com/lRdGX8G.jpg,1614461152.0,94,1.0,5,CasualUK,ne1butu
ltxnc4,Does anyone else remember these bad boys?,,https://i.redd.it/f2epse5u73k61.jpg,1614460970.0,209,0.96,18,CasualUK,ty1ercommando
ltx9ak,Aberdeen 6am,,https://i.redd.it/e1yuvqz843k61.jpg,1614459763.0,219,0.99,7,CasualUK,Adventurous-Panic427
ltwz2r,Osea island passage at low tide,,https://i.redd.it/6f4741cj13k61.jpg,1614458859.0,60,0.96,6,CasualUK,bettsdude
ltwsoa,Cut my chaps hair and ended up with a new pet :),[deleted],https://i.redd.it/abv4rqkwz2k61.jpg,1614458304.0,95,0.97,8,CasualUK,[deleted]
ltw5om,Mainstream media lying to us yet again!,,https://i.redd.it/kxoxflh4u2k61.jpg,1614456362.0,276,0.98,12,CasualUK,Toblabob
ltvztr,Today in Nottingham,,https://i.redd.it/njww4x0ps2k61.jpg,1614455884.0,271,1.0,17,CasualUK,larwowa
ltvl8g,"And to think I just missed Valentine‚Äôs Day, she‚Äôs not gonna know what hit her on Mother‚Äôs Day.........A SHED!!!!!",,https://i.imgur.com/eI9Nkaf.jpg,1614454680.0,92,0.99,12,CasualUK,sinbad-633
ltvjye,Disney Land UK has finally arrived,,https://i.redd.it/zvk6z98so2k61.jpg,1614454571.0,396,0.99,36,CasualUK,jr-91
ltvgrd,These 2 photos show how a monkey puzzle tree has grown in South Wales since 1890,,https://i.redd.it/19h859t0o2k61.jpg,1614454307.0,647,0.99,53,CasualUK,garprice05
ltv7cs,¬£14.99 tofu press can stroll on,,https://i.redd.it/510nkgljl2k61.jpg,1614453475.0,168,0.97,51,CasualUK,mydogismydaemon
lturpr,Does anyone else agree with this. Second Winter is coming.,,https://i.redd.it/tevfdmroh2k61.jpg,1614452176.0,22156,0.95,481,CasualUK,hirsty19784
ltum6h,The tea bag does not need a rest before making a group trip to the bin. The Mrs is a lazy cow. Change my mind.,,https://i.redd.it/4xt9hnhag2k61.jpg,1614451709.0,79,0.82,67,CasualUK,Dodlemcno
ltufii,The moment a 2.5m long WW2 bomb is safely disposed of by the Royal Navy in Exeter,,https://v.redd.it/6okqlqige2k61,1614451154.0,864,0.99,123,CasualUK,[deleted]
lttv7u,I caught a very synthwave-y sunset yesterday.,,https://i.redd.it/ff8k9w5x92k61.jpg,1614449580.0,92,1.0,2,CasualUK,Kuhneel
ltts59,Almost had a bona fide sodding heart attack as I approached this on my morning walk. Anyone in the Windsor area missing two disembodied jellified feet?,[deleted],https://i.redd.it/i6hhjyk992k61.jpg,1614449349.0,142,0.98,13,CasualUK,[deleted]
ltsusl,Childish as shit but gave me a chuckle on today's drive,,https://imgur.com/lFGCzBS.jpg,1614446798.0,526,0.99,31,CasualUK,Dr_Shankenstein
ltsmok,"Anyone else feel like this when it comes to football, or am I just weird?",,https://i.redd.it/nt2g6w2rz1k61.jpg,1614446144.0,71,0.78,27,CasualUK,DarthVarn
ltsma3,Geography lessons with national treasure Billy Bragg,,https://i.redd.it/abp60mlmz1k61.png,1614446110.0,89,0.95,21,CasualUK,8erren
lts7m1,Clearing out the loft and found an old ¬£1 note!,,https://www.reddit.com/gallery/lts7m1,1614445003.0,964,0.99,100,CasualUK,onefacetwobodies
ltrjuc,Today in Shropshire,,https://i.redd.it/3xoq2ucoq1k61.jpg,1614443096.0,111,0.98,6,CasualUK,mystarwillshine
ltrizc,Spot the fat cow who got overly excited thinking Cream Eggs now come in 50 packs üôãüèº‚Äç‚ôÄÔ∏è,,https://i.redd.it/o1mqh4ufq1k61.png,1614443014.0,512,0.96,51,CasualUK,ssshhhutup
ltofbv,Kentish flytipping standards are finally improving.,,https://i.redd.it/qkfkxnn5y0k61.jpg,1614433507.0,163,0.99,13,CasualUK,trickedem
lto988,Anyone else concerned they‚Äôll still have nothing to do on w/ends after lockdown,"It‚Äôs great that stuff is opening but everyone is making grand plans for June 21st and I‚Äôm just sat here thinking I‚Äôll actually have to find people to do stuff with again, considering I‚Äôve alienated most the friends I did have and got so used to staying in.",https://www.reddit.com/r/CasualUK/comments/lto988/anyone_else_concerned_theyll_still_have_nothing/,1614432935.0,66,0.95,34,CasualUK,mmmmmmmm112
lto4rn,Behold the King of Brighton,,https://i.redd.it/66d6pqq5v0k61.jpg,1614432514.0,77,0.96,2,CasualUK,drLens_in_da
ltnkiz,This morning's flypast,,https://v.redd.it/wj7o4i7ap0k61,1614430578.0,50,0.94,11,CasualUK,blackdogmanguitar
ltnkef,"Went litter picking, found this",,https://i.redd.it/wdssdl0fp0k61.jpg,1614430565.0,131,1.0,27,CasualUK,fjbrahh
ltnait,Colin's digestively challenged cousin! Cannot wait to smash this bad boy!,,https://i.redd.it/r9001adbm0k61.jpg,1614429520.0,164,0.97,18,CasualUK,fp_scot
ltn7id,"Thanks, Asda. How are we supposed to shift lockdown pounds with these?!?",,https://i.redd.it/ypl0fyo9l0k61.jpg,1614429197.0,163,0.93,41,CasualUK,CanAhJustSay
ltn4b8,"Here‚Äôs a video from 1962 of two elderly Norfolk men singing traditional songs they learnt in the 1800s. I added artificial colour, improved the audio, and wrote out the lyrics alongside a detailed commentary. I know this is an unusual thing to post here but I‚Äôm sure someone will be interested!",,https://www.youtube.com/watch?v=WQVfPXFgO10,1614428871.0,433,0.97,39,CasualUK,DrawingMusic957
ltn2fz,Anyone else remember Crucial Crew?,,https://v.redd.it/45wwm1xpj0k61,1614428675.0,81,0.89,48,CasualUK,bearroused
ltmm78,America&gt;U.K.,[deleted],https://i.redd.it/orkuw1epe0k61.jpg,1614426959.0,58,0.92,32,CasualUK,[deleted]
ltmhwc,"Wrynose Pass, Lake District",,https://i.redd.it/o7cmq1i9d0k61.jpg,1614426476.0,282,0.99,25,CasualUK,mrqpa
ltl7y2,Doesn‚Äôt sound that comfy to be honest.,,https://i.redd.it/1wthqlk8xzj61.jpg,1614421141.0,217,0.99,17,CasualUK,vbloke
ltkpg1,Southsea looking glorious in the early spring sunset,,https://i.redd.it/0j6dhxjwqzj61.jpg,1614418957.0,1125,0.99,51,CasualUK,MykulAngelo
ltkivt,I saw my first bee of the year yesterday,It made me happy,https://www.reddit.com/r/CasualUK/comments/ltkivt/i_saw_my_first_bee_of_the_year_yesterday/,1614418136.0,107,0.99,19,CasualUK,Emergency-Dingo5554
ltkhil,A bee took a nap in one of our crocuses!,[deleted],https://imgur.com/a/9XYL9Rz,1614417961.0,72,0.99,1,CasualUK,[deleted]
ltk3d2,Club meetings postponed,,https://i.redd.it/nsabdshe8zj61.jpg,1614416198.0,710,0.98,23,CasualUK,SparklePantsJr
ltk19g,A true modern day Shakespeare,,https://i.redd.it/jer3r28uhzj61.jpg,1614415907.0,390,0.95,90,CasualUK,tihomirbz
ltjx4p,I snapped this plane flying to this morning's full moon.,,https://i.redd.it/8ko7np52gzj61.jpg,1614415348.0,1744,0.99,52,CasualUK,imperfect_and_tense
d7c3ve,Kielder forest today.,,https://i.redd.it/3d46rmvqwyn31.jpg,1569080630.0,90,0.96,7,CasualUK,Baby_DonkeyUK
d7bbt0,"Took us a while to get here from England, but we‚Äôre here boys!",,https://v.redd.it/suqshmwhlyn31,1569076856.0,1114,0.95,23,CasualUK,NoBoDySHeRo3000
d7ax6a,How my daughter's self decorated cake got cut by my mother ü§™ Is family divorce possible?,,https://i.imgur.com/z26iGtm.jpg,1569074827.0,70,0.92,12,CasualUK,Blind1979
d7agz2,Behold my mighty harvest! I fear not a food shortage!,,https://i.redd.it/7vlmmakb8yn31.jpg,1569072404.0,4072,0.99,89,CasualUK,lordofcrisps
d7afks,Royal Mail Santa letters.,,https://i.redd.it/mcxouo9q7yn31.jpg,1569072202.0,145,0.92,25,CasualUK,Skolia
d7aeat,Love a quirky sign.,,https://i.redd.it/wck4o6e57yn31.jpg,1569072011.0,487,0.97,20,CasualUK,manualfie
d7a1hb,When a 10 minute car ride takes 90 mins on the bus....,,https://i.redd.it/dkvnyhds0yn31.jpg,1569069948.0,303,0.99,32,CasualUK,rogue6800
d79x4z,HMS Prince of Wales at anchor in Firth of Forth (photo by John S Pow Photography),,https://i.redd.it/dpwknfluyxn31.jpg,1569069224.0,146,0.98,13,CasualUK,The_Kid_1999
d79whp,Local Off Licence,,https://i.redd.it/zywb32hjyxn31.jpg,1569069118.0,65,0.9,27,CasualUK,noramiao11
d79r9j,A casually parked horse outside our local B&amp;M.,[deleted],https://i.redd.it/kiyvyybrvxn31.jpg,1569068176.0,878,0.99,55,CasualUK,[deleted]
d79mws,My local deli has an unusual way of spelling certain items,,https://i.redd.it/zh0mf99itxn31.jpg,1569067420.0,194,0.98,48,CasualUK,unlimitedboldness
d790rr,Sunset last night at a beach on my doorstep in Northumberland.,[deleted],https://i.redd.it/q67ilikzgxn31.jpg,1569063210.0,121,0.96,5,CasualUK,[deleted]
d78zjv,It's time for the Yorkshire tea maths test.,,https://i.redd.it/jtv2cu09gxn31.jpg,1569062982.0,307,0.96,48,CasualUK,bexwhitt
d78lt0,Packed tighter than a car on its way to the tip. Happy Saturday everyone.,,https://i.redd.it/1m4xtnhr7xn31.jpg,1569060111.0,241,0.96,35,CasualUK,81misfit
d78a2s,"I was worried I'd keep forgetting where the World Cup is being held. Thanks, ITV!",[deleted],https://imgur.com/VfVJSmW,1569057535.0,381,0.98,34,CasualUK,[deleted]
d77vly,"Got dragged out of my bed (hungover) by the wife to ""support"" her doing a park run. Decent view I suppose.",,https://i.redd.it/p5x3vzwipwn31.jpg,1569053975.0,324,0.98,30,CasualUK,sockhead99
d77j4f,Found in the Facebook marketplace deathtrap category.,,https://i.redd.it/j84umdwugwn31.jpg,1569051058.0,193,0.98,39,CasualUK,feejin
d771x6,Nothing does the job better than free insecticide you find on the street...,,https://i.redd.it/ssz8emju5wn31.jpg,1569047358.0,68,0.93,15,CasualUK,pollytickled
d76vc6,What makes a cake ambient ?,,https://i.redd.it/f8o1fqir1wn31.jpg,1569045985.0,810,0.97,71,CasualUK,justhisguy-youknow
d76tym,He didn't take Art Attack ending well.,,https://i.redd.it/5ub0wz97utn31.jpg,1569045727.0,10461,0.95,154,CasualUK,[deleted]
d72bv8,I am truly disturbed by this,,https://i.redd.it/jd3o5y8jutn31.jpg,1569019337.0,3186,0.98,115,CasualUK,Swallows84
d7172l,"Friday nights on a budget, 12 bottles of Sol for ¬£6 in Tesco, the wee one fast asleep in bed, night time peace and quiet with a mini bonfire from the ashes of the last bbq of the summer, what's everyone else up to tonight?",,https://i.redd.it/m5na65wzdtn31.jpg,1569013778.0,101,0.92,25,CasualUK,[deleted]
d70pdg,Flight delayed by baby hedgehog on Stornoway Airport runway,,https://www.bbc.com/news/uk-scotland-highlands-islands-49775458,1569011540.0,217,0.98,19,CasualUK,ScreamOfVengeance
d6zzyh,Found This Review For Alton Towers.,,https://i.imgur.com/7zlRoHM.png,1569008329.0,132,0.94,49,CasualUK,HotelEchoNovember
d6zfff,This sign in lancaster.,,https://i.redd.it/e8srtke9qsn31.jpg,1569005797.0,73,0.96,9,CasualUK,TheNorthernJevans
d6z05x,To the guy in the corsa who matched his speed to a lorry in the inside lane for a good few miles in order to hold up the prick in a BMW who came past me at 100mph+ I salute you.,,https://www.reddit.com/r/CasualUK/comments/d6z05x/to_the_guy_in_the_corsa_who_matched_his_speed_to/,1569003932.0,187,0.81,73,CasualUK,TheClnl
d6yzuy,Bloody bang out of order,,https://i.redd.it/ecpwkhtbmin31.jpg,1569003901.0,155,0.97,2,CasualUK,boing_boing_splat
d6yvul,"Oh well done the marketing department, you managed to put the ‚ÄòRough‚Äô back in Scarborough",,https://i.redd.it/fa5vw3w6jsn31.jpg,1569003418.0,91,0.97,12,CasualUK,Weldpornpaul
d6ynoi,I‚Äôm glad the sign was there. I was wondering where it was.,,https://i.redd.it/ht27nhf7gsn31.jpg,1569002423.0,61,0.94,7,CasualUK,wallabyspinach
d6xnhg,I tell people I'm a published poet. Anyone else do this at school?,,https://i.redd.it/ob8r5jgi3sn31.jpg,1568998147.0,70,0.94,21,CasualUK,Wild-of-Yorkshire
d6x4dm,School vs The North East!,,https://i.redd.it/w222eunmwrn31.png,1568995828.0,377,0.98,119,CasualUK,Oddborg
d6vfqj,Marks and Spencers are going for the Back to the Futre look for their Autumn collection,,https://i.redd.it/9ckhuzrtarn31.jpg,1568988501.0,753,0.98,43,CasualUK,picard47at
d6v6jn,Well I definitely can‚Äôt go if I‚Äôm being watched,,https://i.redd.it/ohncxfgd7rn31.jpg,1568987336.0,111,0.95,8,CasualUK,Kazascoot
d6ufi9,Tried to take a nice photo of a countryside scene,,https://i.redd.it/exdn6pkpwqn31.jpg,1568983748.0,61,0.92,10,CasualUK,Harris6144
d6ttns,"We have the technology, we can make our motorways better, stronger, faster.",,https://i.redd.it/ply3hvhanqn31.gif,1568980595.0,57,0.88,7,CasualUK,TheresaMaybeNot
d6tsy5,"Chester, probably the prettiest city in the north west. The river Dee looking good in this autumn sunshine",,https://i.redd.it/t4b5fajzmqn31.jpg,1568980483.0,95,0.97,15,CasualUK,alexefy
d6toly,Best climate strike placard I've seen today,,https://i.redd.it/j8abqdeykqn31.png,1568979799.0,1271,0.97,53,CasualUK,JEZTURNER
d6tbnx,It's nice to see that they're now using PowerPoint to broadcast the rugby,,https://v.redd.it/ee00m0vydqn31,1568977744.0,59,0.95,10,CasualUK,Dale_Winton
d6rl6m,My local paper the other day,,https://i.imgur.com/yj2LXsl.jpg,1568965826.0,107,0.94,28,CasualUK,send_me_turtles
d6rhsj,"Good evening, sir. Welcome to your personal hell.",,https://i.redd.it/2m1csfvcdpn31.jpg,1568965138.0,238,0.95,65,CasualUK,EdgarAetheling
d6rhhy,"Pierhead Building, Cardiff",,https://i.redd.it/0fdedf18dpn31.jpg,1568965088.0,80,0.95,7,CasualUK,LDKRP
d6r4h8,Has anyone ever felt the urge to make toast on a train?,,https://i.redd.it/fvsz3ytz5pn31.jpg,1568962670.0,223,0.95,63,CasualUK,coolgirlonthetrain
d6jrp3,Working in York and had to capture this. Curry time.,,https://i.redd.it/7nnib6361mn31.jpg,1568924715.0,167,0.98,3,CasualUK,floatinglilo
d6jp71,Found on Facebook. I might have to block them.,,https://i.redd.it/hwtol99a0mn31.jpg,1568924416.0,61,0.92,54,CasualUK,banjo_skeleton
d6ji3n,A lovely Evening at Flamborough Head last night,[deleted],https://i.redd.it/wcf760lcxln31.jpg,1568923546.0,67,0.97,6,CasualUK,[deleted]
d6jad0,Piping the Aldi mayo into the same Hellman‚Äôs bottle we‚Äôve had for a year so the missis will not know she‚Äôs a commoner,,https://i.redd.it/aopgl59uuln31.jpg,1568922603.0,1833,0.97,191,CasualUK,larrydavid1987
d6j3az,This car park‚Äôs a joke,,https://i.imgur.com/cqEcLN9.jpg,1568921740.0,625,0.99,42,CasualUK,karmadramadingdong
d6iuhb,Very Addictive,,https://i.redd.it/h8o7xalzoln31.jpg,1568920688.0,10969,0.95,321,CasualUK,superdirto
d6iual,"St. Pancras Hotel and Station, London. Faced demolition at one point, but survived after fierce opposition and was instead refurbished, becoming the Eurostar Terminus (linking Britain and France by rail). Beauty Matters. [1920 x 941]",,https://i.redd.it/hmnx64amqin31.jpg,1568920658.0,93,0.99,18,CasualUK,[deleted]
d6i68n,White horse,,https://i.imgur.com/XJchF11.jpg,1568917772.0,92,0.98,9,CasualUK,DevilmouseUK
d6i4r5,Nice day for taking your Giraffe out on the water taxi in Leeds,,https://i.redd.it/jl146efyfln31.jpg,1568917583.0,77,0.98,5,CasualUK,[deleted]
d6hwak,Bearded tit in Kent.,,https://i.redd.it/nq2dj9uycln31.jpg,1568916574.0,165,0.99,8,CasualUK,Radwaymm
d6gej5,Perfect ad placement in today‚Äôs Mirror,,https://i.redd.it/riqfxxgttkn31.jpg,1568910140.0,83,0.97,6,CasualUK,eurfryn
d6fv09,My first and probably last bbq of the year. Due to working shifts I've not had the chance this summer.,,https://i.redd.it/chl9tliumkn31.jpg,1568907796.0,59,0.92,18,CasualUK,Sister_Jimjams
d6f1qb,Beautiful Kingfisher.,,https://i.redd.it/em887zggckn31.jpg,1568904296.0,144,0.99,11,CasualUK,Radwaymm
d6f03d,I don‚Äôt own a cat,,https://i.redd.it/br12ghztbkn31.jpg,1568904088.0,305,0.99,25,CasualUK,[deleted]
d6ehnj,Richard Osman,,https://imgur.com/JOecZw9,1568901797.0,160,0.91,14,CasualUK,clearly_quite_absurd
d6edc1,Birmingham Library,,https://i.redd.it/bpifihsc3kn31.jpg,1568901235.0,115,0.96,15,CasualUK,VN_96
d6e58h,Last weekend I finally got to see this famous UK landmark for myself,,https://i.imgur.com/65FhBKI.jpg,1568900140.0,465,0.98,29,CasualUK,UsernameCensored
d6doqf,This guy on the BBC Scotland local news,,https://i.redd.it/h4w7rr7ktjn31.jpg,1568897942.0,294,1.0,28,CasualUK,Earhacker
d6dd9k,Fs in the chat for our fallen hero - Leicester DMU Campus,,https://i.redd.it/t34hfj8sojn31.jpg,1568896338.0,184,0.97,11,CasualUK,LuxuryLoafer
d6dat7,Apparently there's really life in Ipswich harbour,,https://i.redd.it/6fc386xonjn31.jpg,1568895975.0,53,0.98,11,CasualUK,MakemineaMorag
d6cqp2,"Let the buyer beware, my recent taste test shows Heinz ‚Äòsnap pot‚Äô beans are completely different to Heinz tinned beans in taste and appearance (tinned beans closest to camera).",,https://i.redd.it/fz69cdqpdjn31.jpg,1568892916.0,107,0.97,43,CasualUK,Mr_Claypole
d6bnae,The maddest sky that I ever did see,,https://i.redd.it/b0iwefuktin31.jpg,1568885842.0,1020,0.98,36,CasualUK,KarlWorton1
d6bh3n,"For me personally, this warning does enough... (Milton Keynes)",,https://i.redd.it/26wwqb6ypin31.jpg,1568884620.0,373,0.98,21,CasualUK,rufusdenne
d6baud,When you realise the university restaurant may be better than you thought...,,https://i.imgur.com/J0hmCqC.jpg,1568883339.0,638,0.98,90,CasualUK,FatFreddysCoat
d6b4jm,"London Met Police Moped Takedown - Met police use ""tactical contact"" to take down a moped rider who escaped by riding at speed through a park and down pavements",[deleted],https://www.youtube.com/watch?v=rIeFlRpaync,1568881975.0,57,0.96,36,CasualUK,[deleted]
d6aw1u,Manchester creates slow lanes for mobile users,,https://i.redd.it/4stcnqdocin31.jpg,1568880155.0,13978,0.95,532,CasualUK,KazzyJJ
d6asjg,Countryside vs CEMEX,,https://i.imgur.com/6UDSI8l.jpg,1568879420.0,68,0.95,11,CasualUK,P__A
d6ajyy,Shout out to the rubbish collectors,"I live in an area which limits black bags to two a fortnight. This morning I had three bags that needed to go out, and they took them without fuss. Legends.

Thank you, great morning.",https://www.reddit.com/r/CasualUK/comments/d6ajyy/shout_out_to_the_rubbish_collectors/,1568877674.0,115,0.97,42,CasualUK,tinybigideas
d6a8ks,Had to stop during my bike to work this morning to snap this shot. The mornings are bloody cold right now but these views do help make up for it.,,https://imgur.com/MNpFljf.jpg,1568875540.0,885,0.97,37,CasualUK,26326312
d698ma,Well that was a long drive for work today,,https://i.redd.it/3bnjnubefhn31.jpg,1568868964.0,57,0.89,48,CasualUK,onewetfart
d65291,Found a use for the out of date French stick..,,https://i.redd.it/qu02ulr9nfn31.jpg,1568847400.0,94,0.96,24,CasualUK,wadeybb
d651uq,"A year ago my wife and I traveled throughout Great Britain. Lots of incredible views, here‚Äôs one of my favorite from Loch Lomond.",,https://i.redd.it/4qs6y2c4nfn31.jpg,1568847347.0,520,0.98,15,CasualUK,raleigh_nc_guy
d64wwo,Trying too hard to read the bumper sticker,,https://imgur.com/jdjEFkQ.jpg,1568846727.0,79,0.99,3,CasualUK,NotADrug-Dealer
d64dq2,One of my prized possessions,,https://i.redd.it/6665omydbfn31.jpg,1568843405.0,1531,0.99,59,CasualUK,Trench_Rat
d63q82,"The window, view of the Menai from Plas Newydd Anglesey.",,https://i.redd.it/axpa0g5ayen31.jpg,1568839003.0,127,0.97,18,CasualUK,Weldpornpaul
d638ct,"Alright, No'ing'amshire. Guv.uk init.",,https://imgur.com/csVrmam,1568836603.0,101,0.96,3,CasualUK,PotentBeverage
d633uj,An absolute behemoth of a NikNak found in a vending machine packet,,https://i.redd.it/ce4ue1pkpen31.jpg,1568836066.0,1057,0.98,61,CasualUK,31_whgr
d62who,"Public Art in Peterlee, wrapped around a brutalist structure called The Apollo Pavilion.",,https://i.redd.it/gelb62szmen31.jpg,1568835200.0,84,0.96,19,CasualUK,Temuriswig
d62v12,Best barge name ever (Leeds-Liverpool Canal yesterday),,https://i.redd.it/fge2p1ngmen31.jpg,1568835023.0,5705,0.99,96,CasualUK,Kimchi_Raikkonen
d62itx,"The take away delivery man left this in the bag, what a legend",[deleted],https://i.redd.it/ertnwgt8ien31.jpg,1568833613.0,166,0.98,33,CasualUK,[deleted]
d61zh8,Somehow managed to remember the time I went on a school trip to a panto and Ross Kemp was the villain and found the play bill. Almost made my head explode. 1994 I think.,,https://i.redd.it/gso1qzgmben31.jpg,1568831374.0,95,0.98,26,CasualUK,sunshinefrisbee
d61yv5,Went to Puzzle Wood in the Forest of Dean the other week. That place is nuts!,,https://i.redd.it/2qrihyqdben31.jpg,1568831295.0,217,0.98,14,CasualUK,gav_net
d61esj,I‚Äôd love to be in that balloon,,https://i.redd.it/963ed2be4en31.jpg,1568828945.0,113,0.95,18,CasualUK,pistrel
d603kx,"Accidently making a decent cuppa once and forever being ""tea bitch"" for the office...",,https://i.redd.it/cuavu16wndn31.jpg,1568823420.0,187,0.97,36,CasualUK,Bombadillion
d5zwl5,They are on to us... Only 24 left in my local.,,https://i.redd.it/2pt6qgwgldn31.jpg,1568822598.0,90,0.96,11,CasualUK,Sister_Jimjams
d5zswu,Greggs forcing me to decide whether licking icing off the inside of a paper bag in public is worth the possible embarrassment.,,https://i.redd.it/u5ci5p57kdn31.jpg,1568822152.0,62,0.96,15,CasualUK,[deleted]
d5xpt1,The British built Battleship Mikasa. Sole remaining Pre-Dreadnought class in the world. Flagship of the Imperial Japanese Navy in the Russo-Japanese War of 1905.,,https://i.redd.it/0gnzvfbrscn31.jpg,1568812925.0,119,1.0,38,CasualUK,[deleted]
d5xfvg,"Big problems in Woodbridge, they must be stopped!",,https://i.redd.it/z50lmf6yocn31.jpg,1568811647.0,154,0.99,19,CasualUK,Vented55
d5x2ht,"A young David Attenborough introducing his daughter to a noisy cockatoo, 1959.",[deleted],https://i.redd.it/j46ssju9nbn31.jpg,1568809824.0,126,0.99,9,CasualUK,[deleted]
d5wzc1,"Step right up, Tesco selling Terry's Chocolate Orange for 75p.",,https://i.redd.it/bitx6uq1icn31.jpg,1568809378.0,167,0.98,62,CasualUK,Dr-Werner-Klopek
d5vyzv,Come to Japan and learn the classic UK term ‚ÄúI‚Äôm sober‚Äù. Fuck off Terry you‚Äôve had 12 pints.,,https://i.redd.it/fwzgf7mo1cn31.jpg,1568803831.0,80,0.98,16,CasualUK,jason_willy
d5uy4f,Glencoe Deer,,https://i.redd.it/xl8bvi3rgbn31.jpg,1568796809.0,370,0.99,20,CasualUK,MiriamCarapan
d5uwtu,"View from the top of Marsco, Isle of Skye",[deleted],https://i.redd.it/1plzuujvfbn31.jpg,1568796532.0,142,0.98,6,CasualUK,[deleted]
d5uvoo,the guard clipped my train ticket with a train shape!,,https://imgur.com/a/xJtUNO2,1568796297.0,75,0.93,11,CasualUK,mrfelixes
d5ut2r,Pronouncing H: 'Haitch',"Makes my skin crawl. Am I getting old? I heard my kid's teacher running through the alphabet with the class and pronouncing it like that. Yes, the language is constantly evolving but isn't this plain incorrect?",https://www.reddit.com/r/CasualUK/comments/d5ut2r/pronouncing_h_haitch/,1568795746.0,57,0.86,75,CasualUK,kopsy
d5uhh8,Striding Edge - Helvellyn.,,https://i.redd.it/e72ivjoj6bn31.jpg,1568793352.0,73,0.96,11,CasualUK,stockmushroom
d5tpcm,Oxford last night looked all kinds of crazy beautiful,,https://i.redd.it/9z12yc2hqan31.jpg,1568787943.0,426,0.97,7,CasualUK,KamsinKali
d5tnkb,Aysgarth falls,,https://i.redd.it/0g2msifgpan31.jpg,1568787601.0,135,0.98,11,CasualUK,bricklord79
d5te7x,Two of the great lost letters of English - √æ and √∞ both made a 'th' sound,"√∞ would be used where the 'th' sound is prominent - path, this, etc (pa√∞, √∞is).

√æ would be used where the 'th' sound is almost soundless or less prominent - thin, thing, etc (√æin, √æing).

I √∞ink we should bring √æem back into common usage.",https://www.reddit.com/r/CasualUK/comments/d5te7x/two_of_the_great_lost_letters_of_english_√æ_and_√∞/,1568785892.0,61,0.89,42,CasualUK,vbloke
d5qu6v,An interesting design there.,,https://i.redd.it/ejrnmep6d9n31.jpg,1568771365.0,118,0.97,4,CasualUK,B35798
d5qrzu,US here but love spending my summers in the UK. West Yorkshire,,https://imgur.com/ObTW84T.jpg,1568771063.0,2715,0.98,178,CasualUK,beauhemoth
d5oexf,Uh well that's a wierd tv,,https://i.redd.it/o6wwsnhee8n31.jpg,1568759668.0,158,0.93,28,CasualUK,IPoisonedYourMum
d5nxe4,Clearing out our garden and found this cheeky chappy airing his old fella out. If you zoom in it looks like he‚Äôs caught a bad case of Gnome-ohhrea,,https://i.redd.it/sxmpos2w78n31.jpg,1568757485.0,79,0.94,8,CasualUK,Little_to_no_effort
d5ngjs,The skies over Lincolnshire were looking fit this evening.,,https://i.redd.it/j1d300hm18n31.jpg,1568755370.0,935,0.98,33,CasualUK,signalstonoise88
d5mhy0,"So my dad has been out at football and I made him pie and chips for dinner for when he came in late. Shamefully, I must admit, we had no sliced bread for a chip butty. His solution was to put his chips in one of Aldi‚Äôs specially selected tea cakes... I have no words",,https://i.redd.it/3ntz9by0p7n31.jpg,1568751134.0,81,0.93,29,CasualUK,bovril_belly
d5m1lh,My hated Xafira has finally failed it's MOT!,"I took my Xafira in for it's MOT today and it has officially died.  Over ¬£630 worth of parts needed and no guarantee of passing the emission's test.  I have hated that car for years and it has finally become uneconomically viable to fix so time to get rid. 

Full of excitement at finally losing the thing I impulse bought myself a 2003 Nissan X-trail with 6 months MOT and 150k on the clock for ¬£275 that the garage owners dogs had been living in for a few months.  

OK, it's a bit ""farmery"".  It's been used off road. A lot. It stinks horribly, is covered in mud inside and out, there are some really grim mouldy stains in the boot where I think something died and has decomposed. Some of the door handles are missing on the outside and you have to reach into holes the bodywork to open the doors.

It is officially the nastiest vehicle I have ever been in, but It's legal, runs, and isn't a Xafira!  

I'm made up!",https://www.reddit.com/r/CasualUK/comments/d5m1lh/my_hated_xafira_has_finally_failed_its_mot/,1568749187.0,97,0.94,44,CasualUK,dwair
d5l9vz,The evening sky tonight is just stunning,[deleted],https://i.redd.it/plv418sb97n31.jpg,1568745856.0,55,0.89,4,CasualUK,[deleted]
d5kh4d,"Aldi‚Äôs own range of sausages, or name for a terrible porno?",,https://i.redd.it/pyjze2e4z6n31.jpg,1568742445.0,3768,0.99,148,CasualUK,JoeConor92
d5k7q2,Flag of the U.K. in the Style of the Nations of the Commonwealth,[deleted],https://i.redd.it/zl1ezwrw0om31.png,1568741315.0,98,0.93,10,CasualUK,[deleted]
d5k78f,The prize every child wants to win on the pier. A portable vacuum cleaner.,[deleted],https://imgur.com/Vmdb5Ub,1568741255.0,70,0.95,10,CasualUK,[deleted]
d5iys7,I went to the U.K. for Creamfields and I can't remember the name of the cheese I ate.,"It was freakin' delicious man.

I bought it at an Asda, it came in small rectangles, one was Cheddar and the blue netting/packaging was a mix of flavors. I'm wondering if I can get them sent to American because the cheese was legit.",https://www.reddit.com/r/CasualUK/comments/d5iys7/i_went_to_the_uk_for_creamfields_and_i_cant/,1568735726.0,71,0.96,68,CasualUK,NOSjoker21
d5hqp0,"Penmon Point, Anglesey shot in B&amp;W to capture the mood.",,https://i.redd.it/u0h48nu4z5n31.jpg,1568730328.0,74,0.95,8,CasualUK,Weldpornpaul
d5f08g,Vending machine of dreams in a Leicester pub toilets. What are you having?,,https://i.redd.it/5hqllydks4n31.jpg,1568716017.0,88,0.98,21,CasualUK,delazouch
d5ewd9,"Completed cross-Scotland charity bike ride, and blimey The Highlands are really something else! A stunning weekend.",,https://i.redd.it/vj534ndaq4n31.jpg,1568715285.0,114,0.99,20,CasualUK,aperijove
d5evhz,"Ah yes, the plastic bag collection.",,https://i.redd.it/xiy7fp4tn2n31.jpg,1568715130.0,621,0.98,61,CasualUK,KvotheTheUndying
d5esje,How I feel after the all dayer.,,https://i.imgur.com/qBjpfOl.jpg,1568714578.0,96,0.97,4,CasualUK,jbombkillerbees
d5e8k2,Apparently LNER also hate mushrooms,,https://i.redd.it/cdrpx52dc4n31.jpg,1568710556.0,326,0.98,95,CasualUK,Declanmar
d5dvir,Goosh,,https://i.imgur.com/hxQFrrf.jpg,1568707673.0,79,0.96,13,CasualUK,v11che
d5dpua,Enjoying my commute to work this morning.,,https://i.redd.it/57ytjfe304n31.jpg,1568706449.0,253,0.99,10,CasualUK,vbloke
d5dj0y,"I couldn't get a good angle but this is a very British queue for the bus! Single file, round the corner and a gap for the crossing.",,https://i.redd.it/rhc6h7ysv3n31.jpg,1568704989.0,1910,0.99,131,CasualUK,acdbrnout
d5diaw,Saw this chap painting on his easel in Manchester this morning,,https://imgur.com/YSJtUff.jpg,1568704841.0,183,0.99,16,CasualUK,MrMethamphetamine
d5d6o8,Imagine walking out to find your car in scaffolding,,https://i.redd.it/qzmj4s5po3n31.jpg,1568702595.0,31074,0.94,570,CasualUK,SquidTheDan
d5cxaz,I'm an American who visited just recently. I want to know- y'all really out here eating potato waffles and beans?,"My friend in the UK asked if I wanted a potato waffle. She got all excited about them and asked her mom if there were any, like this is a staple snack. 

I didn't even know what they were. I still don't know because my mind couldn't comprehend the cosmic horror that was the final plating. I describe them as a French fry waffle.

She puts them in the toaster and microwaves baked beans in a fancy looking container. The beans are placed on top of 


 **Potato Waffle.**

Then- a truly astonishing move; she grates cheese on top of this potatopia.

I was very excited to get a *taste*. Before I did, I needed to send  picture to my friends overseas. They got back to me quickly. 

""What is that monstrosity?""

""That is an abomination.""

They were right, this wasn't something that the laws of nature had intended.  I carried on and proceeded to eat the potato waffle, doing my best to get past the cheese which I don't like in general. 

It was okay. But it ain't normal. It ain't right. 


This was one of many eye opening experiences on my visit. Thank you.


Edit: Sometimes cheese can be cool, like on pizza and sandwiches and all that, but I can't do hardcore or just straight up cheese.

DOUBLE EDIT: I want to add that on my second day I had an English breakfast. I don't think it had everything but it had enough. The mushrooms are so damn good and I vastly prefer the bacon you've got to ours. Really good.",https://www.reddit.com/r/CasualUK/comments/d5cxaz/im_an_american_who_visited_just_recently_i_want/,1568700808.0,73,0.73,160,CasualUK,Masturbatoryman
d5ct4t,"This post on Facebook melted me, there was a ton of people offering him things like games and cinema tickets for when he has some friends and even kids commenting saying they would find him and talk to him",,https://i.redd.it/puxwzlq1h3n31.jpg,1568700023.0,93,0.9,15,CasualUK,deadsocial
d5cfqg,Good Morning all!,,https://i.redd.it/f3kyna0i93n31.jpg,1568697486.0,56,0.95,3,CasualUK,Heps_417
d58u62,Don't think I've ever seen my girlfriend this excited in a Tesco before,[deleted],https://i.redd.it/qjjxh2a3n1n31.jpg,1568677842.0,68,0.96,28,CasualUK,[deleted]
d58650,"Clifton Suspension Bridge, Bristol, UK. Built in 1864. It spans 214.05m over the Avon Gorge and River Avon. [2266 x 1702]",,https://i.redd.it/hvskql70r5l31.jpg,1568674666.0,99,0.96,10,CasualUK,[deleted]
d56ytr,I think my favourite thing about the internet has to be that the Bude tunnel is rated higher than the Vatican City.,,https://i.redd.it/0n4l6u4mx0n31.jpg,1568669276.0,173,0.97,14,CasualUK,cerealkiller65
d56kd7,Burnt finger by sticking it in boiling sugar. Don‚Äôt think I‚Äôll enter bake off next year after all.,,https://i.redd.it/aik9fmogs0n31.jpg,1568667542.0,54,0.92,24,CasualUK,PepsiMax_or_sleep
d56brc,"While time lapsing at Honister Pass in the Lake District, we unwittingly captured a Fiat 595 Arbath road trip!!",,https://v.redd.it/nnz0u2gko0n31,1568666515.0,103,0.98,12,CasualUK,Weldpornpaul
d55iih,Plot twist,,https://i.redd.it/58xxmwzgf0n31.jpg,1568663171.0,1804,0.99,58,CasualUK,TheOriginalJunglist
d553xn,"Almost heaven, Devon, England.",,https://i.redd.it/nrguueaha0n31.jpg,1568661493.0,104,0.96,15,CasualUK,Mariosam100
d54pas,I stay in my hometown Facebook group for quality content like this,,https://imgur.com/cElSZSw,1568659900.0,192,0.98,18,CasualUK,fightoffyourdemons-
d54k1m,battered pound coin i got in change today,[deleted],https://i.redd.it/ooqjiyer30n31.jpg,1568659417.0,62,0.95,15,CasualUK,[deleted]
d54a0m,Found some broken cider bottles from the 1880s under my floorboards. This was one of the labels (Bulmers factory is just round the corner from my house).,,https://i.redd.it/83ziclyxxzm31.jpg,1568658928.0,177,0.99,25,CasualUK,oli80800
d53lv5,UK police being UK police...,,https://i.redd.it/h88n6ttvmzm31.jpg,1568653558.0,77,0.95,3,CasualUK,ThePrivateDanster
d5319h,The one o‚Äôclock gun at Edinburgh castle today,,https://i.redd.it/hf5yxqemfzm31.jpg,1568651116.0,213,0.98,29,CasualUK,DA-FALKLANDS
d52u51,"...otherwise known as ""making dinner""",,https://i.redd.it/nsndrkezczm31.png,1568650262.0,49786,0.95,945,CasualUK,Connelly90
d52q5i,"90s kids rejoice ""The Demon Headmaster"" is now on Iplayer",,https://www.bbc.co.uk/iplayer/episode/b0078y2h/the-demon-headmaster-series-1-episode-1,1568649797.0,146,0.98,37,CasualUK,DontPokeMe91
d52duv,"Wadebridge, Cornwall! Been here for a few days. Cornwall is my absolute favourite place in the UK!",,https://i.redd.it/ejxznzn67zm31.jpg,1568648328.0,71,0.99,13,CasualUK,UnpreparedSugar
d51i71,Eco-friendly Lambeth...,,https://i.redd.it/ac37po3vvym31.jpg,1568644485.0,293,0.97,16,CasualUK,emperordavey
d503tt,Been out of the country for almost 10 months. Scotch eggs are sorely missed.,,https://i.redd.it/g7jmynkgbym31.jpg,1568637633.0,78,0.93,29,CasualUK,justhisguy-youknow
d4zvf3,Sweary Calligraphy Part Two - your favourite British insult suggestions are welcome to make a part three of my posh profanity journey,,https://v.redd.it/82gjwdtm7ym31,1568636382.0,196,0.96,47,CasualUK,queenstefanos
d4znls,Lady at Sainsbury's till gave zero fucks when handing out Disney hero cards. I now have 107 from 144 in one shop!,[deleted],https://i.redd.it/5jl920894ym31.jpg,1568635188.0,190,0.96,24,CasualUK,[deleted]
d4zgrr,My dog,"My dog has the end of his life booked for 5pm today, he's 15 and a half and I hope he's had a good life. Today sucks though, but I'm making him a full roast chicken for his last dinner. It feels so horrible that the end of a wonderful companion has to be booked in like getting a filling done. Don't really know why I'm writing this here but you guys always seem cool.",https://www.reddit.com/r/CasualUK/comments/d4zgrr/my_dog/,1568634101.0,3192,0.98,197,CasualUK,redron11
d4ygau,Dunelm keeping our streets safe,,https://imgur.com/R8KWc9Y,1568627572.0,7873,0.98,207,CasualUK,OpenYourLegs
d4xkno,I bet Chris was really excited to be on TV until they told him he had to wear a hair net.,,https://i.redd.it/g1imh6xjxwm31.jpg,1568620827.0,221,0.99,13,CasualUK,redunculuspanda
d4xf5t,"‚ÄúI say, Ding dong!‚Äù",,https://i.redd.it/jx2qrcyqvum31.jpg,1568619565.0,208,0.97,51,CasualUK,ThegreatestPj
d4x3k9,Forget talking to your partner and kids ... this really is a Windows upgrade,,https://i.redd.it/tjj02shymwm31.jpg,1568617263.0,113,0.96,17,CasualUK,Live_Your_Dash
d4wj98,"Note found on my train, needed this on a Monday morning commute",,https://i.redd.it/rioeovz6bwm31.jpg,1568613335.0,212,0.95,8,CasualUK,kezunderhill
d4rpvg,ASDA audio buttons in the egg and dairy sections,[deleted],https://www.reddit.com/r/CasualUK/comments/d4rpvg/asda_audio_buttons_in_the_egg_and_dairy_sections/,1568586682.0,86,1.0,26,CasualUK,[deleted]
d4rafd,Freddo is fat from the profits of his excessive price increases in recent years.,,https://i.redd.it/y5mg767aytm31.jpg,1568584752.0,105,0.97,14,CasualUK,joeChump
d4qrd9,Spot the adder!,,https://i.redd.it/v3l7za2brtm31.jpg,1568582450.0,85,0.99,21,CasualUK,concheski
d4q43b,"James Anderson, from Burnley. Doing Reddit proud",,https://i.redd.it/tk6wfie5hsm31.jpg,1568579681.0,13780,0.95,193,CasualUK,corriewench
d4q00f,I have lived in the UK for ten years today!,,https://imgur.com/uqVpIY1,1568579173.0,83,0.93,36,CasualUK,yankonapc
d4otrj,Mugged,,https://i.redd.it/h3w337qg2tm31.jpg,1568574059.0,141,0.97,27,CasualUK,cbeuw
d4otbx,"Now those pesky kids are dealt with, what's the plan?",,https://i.redd.it/b1g0kugb2tm31.png,1568574002.0,77,0.96,11,CasualUK,DanceLikeItsOuchy
d4olgy,"After 11 years hiding out in my wallet, I‚Äôve finally put ‚ÄòTachey Queen in the retirement home she deserves.",,https://i.redd.it/y2v6th2gzsm31.jpg,1568573036.0,1503,0.98,58,CasualUK,CakeSlapping
d4o36u,My Airbnb smelt of fanny.,,https://i.imgur.com/f4btkp4.jpg,1568570884.0,102,0.96,8,CasualUK,thomasthetanker
d4ng7b,Liverpool,,https://v.redd.it/f29pmsweirm31,1568568068.0,179,0.98,25,CasualUK,venicerocco
d4mswi,"The Old Pier Bookshop, Morecambe",,https://i.redd.it/1ayqxsy9csm31.jpg,1568565243.0,299,0.99,39,CasualUK,SupUpLad
d4me3s,Anybody else remember the unbridled joy of receiving one of these for your birthday?,,https://i.redd.it/cz9iwmjt6sm31.jpg,1568563416.0,128,0.97,81,CasualUK,Baskerville666
d4magr,A lot can change in 9 years,,https://i.imgur.com/xmnZqMz.jpg,1568562965.0,139,0.99,12,CasualUK,Mikuka_G
d4lzyz,Spotted these Battenberg twins just now.,,https://i.redd.it/vya6oe3m1sm31.jpg,1568561657.0,267,0.95,15,CasualUK,Russla
d4l3a3,"Yeah, twat off wasps.",,https://i.redd.it/nb1hg19cprm31.jpg,1568557535.0,576,0.99,20,CasualUK,gingerbenji
d4kuo7,Casual Sunday lunch at this legendary establishment,,https://i.redd.it/ata67goplrm31.jpg,1568556312.0,89,0.98,44,CasualUK,ProfessorHumperdink
d4kokd,First time printing something for a couple of years. I feel much better now.,,https://i.redd.it/5hf880byirm31.jpg,1568555439.0,381,0.98,50,CasualUK,salty_pepperpot
d4kncw,I'd love to help but not sure how much use I'd be,,https://i.redd.it/lvbrdrykirm31.jpg,1568555256.0,65,0.97,9,CasualUK,QuantumDon
d4jf9c,I need to know the backstory here,,https://imgur.com/RUdJ8RT,1568548041.0,135,0.98,22,CasualUK,lynnytintin
d4iz9q,There's always something unique about the moors- Peak District near Buxton,,https://i.redd.it/jiy8yatcnqm31.jpg,1568544766.0,83,0.99,13,CasualUK,Choody1234
d4ixoh,Now with extended online hours,,https://i.redd.it/6e8kq79emqm31.jpg,1568544433.0,337,0.99,23,CasualUK,9w_lf9
d4iupi,Hidden Ashes ticket,,https://i.redd.it/45ey9g3hkqm31.jpg,1568543790.0,74,0.95,13,CasualUK,scamperthecat
d4i10p,No Sh*t Sherlock,,https://i.imgur.com/xjKXrL7.jpg,1568537474.0,882,0.96,23,CasualUK,Jeff-Stelling
d4hgnz,Open carry in the UK,,https://imgur.com/fYSZr6F,1568533041.0,27771,0.92,370,CasualUK,theysellcoke
d4ckem,Sunsetting over the East Midlands,,https://i.redd.it/n7gus8916nm31.jpg,1568502613.0,57,0.94,3,CasualUK,Dubliner344
d4bztq,I just wanted to share a wee gorgeous memory of my sister back when the daft ‚Äúwater challenge‚Äù was trendy. She is some sport.,,https://v.redd.it/qrc1o1znxmm31,1568499808.0,462,0.92,27,CasualUK,LuckyMissLou
d49pax,Is this the least appetising burger you've seen? Spotted at Welcome Break Derby A50,,https://i.redd.it/9brv0fh81mm31.jpg,1568488889.0,697,0.99,98,CasualUK,Djinacoma
d49hba,Those hilarious library self-scan return machines,"Went to the library today, so the family loaded me up with books to return.


The return machine said ""place one item on the scanning surface"".

So I did.

It said ""MISSING"".

I tried it again.

It said ""MISSING"" again.



I won't tell you how many more times I tried it before I noticed the book was called ""Missing"".",https://www.reddit.com/r/CasualUK/comments/d49hba/those_hilarious_library_selfscan_return_machines/,1568487891.0,88,0.94,5,CasualUK,aa599
d49dky,Another day in the beautiful country that we live in.,,https://i.redd.it/h02rqtnwwlm31.jpg,1568487431.0,356,0.95,69,CasualUK,Karomak
d48o06,Malham Cove,,https://i.imgur.com/RMiGMnN.jpg,1568484199.0,501,0.99,29,CasualUK,ad1075
d47wou,Sharp Edge up to Blencathra this morning,,https://i.imgur.com/CncVQiI.jpg,1568480771.0,146,0.98,17,CasualUK,_Born_To_Be_Mild_
d4627h,"This wonderful lady rocked up to the skate park in my town, popped up a little table and started giving the kids free squash, hot chocolate, tea and biscuits. What a legend!",,https://i.redd.it/euej10kunkm31.jpg,1568472279.0,7826,0.98,212,CasualUK,spudgun81
d45wui,"Found a real life motivational poster today - you're not a weed, just a flower in an unexpected place",,https://i.redd.it/knued05nlkm31.jpg,1568471541.0,81,0.9,9,CasualUK,BreqsCousin
d45cgr,"We slag off the UK a lot, but there's nothing quite like the English countryside at golden hour.",,https://i.imgur.com/pw7Ll1w.jpg,1568468619.0,1187,0.98,54,CasualUK,StumpyGoblin
d44vmf,Abandoned sanitarium in Stocksfield (and some Jerseys),,https://i.redd.it/iy73y5825km31.jpg,1568466056.0,81,0.99,4,CasualUK,cashrabbitz
d44to8,Letting you know about a free film streaming service which might be useful to some.,"You don't need an app you can look at the site directly from the web just google Kanopy.

Its a free service through your library, just put in your library card number.(Some libraries might not be members but most in the uk are).

You can stream 10 films every month and they have mainstream films, indie films, documentaries, kids films, and films to help with courses such as sciences, languages, business, etc.

I'm going to watch a film on it this afternoon and thought others might not know about it.Difficult to find interesting films to stream legally, youtube has some, and many people don't have paid services such as Netflix, amazon prime, etc, I don't myself.


I thought it would be useful for people in the winter when the nights get dark and the miserable weather sets in.",https://www.reddit.com/r/CasualUK/comments/d44to8/letting_you_know_about_a_free_film_streaming/,1568465753.0,95,0.94,19,CasualUK,BECKYISHERE
d44mu6,This should be an investment...,,https://v.redd.it/7ks7a5tykim31,1568464626.0,447,0.96,24,CasualUK,LuminousLiquid92
d44jjd,"UK potato harvest in full swing, well when it's not lunch time... Shropshire",,https://i.redd.it/5mk71xnczjm31.jpg,1568464069.0,112,0.98,15,CasualUK,harrybuckley93
d446xo,Just a family walk on a beautiful day,,https://i.redd.it/njioxwuysjm31.jpg,1568461894.0,449,0.98,20,CasualUK,bobfric
d43dxo,Saw this lad today,,https://i.redd.it/d2mr1276bjm31.jpg,1568455914.0,102,0.93,28,CasualUK,Cumkatsu
d43900,Over Somerset this morning.,,https://i.redd.it/k86n0bf68jm31.jpg,1568454903.0,101,0.94,7,CasualUK,uffington
d430zb,Wonder how they're going to pull this one off,,https://i.redd.it/74uwvn2u2jm31.jpg,1568453107.0,74,0.88,10,CasualUK,_aj42
d42wrp,So my work colleague got a delivery yesterday. He‚Äôs gone up in my eyes.,,https://i.redd.it/ipwlm02tzim31.jpg,1568452157.0,1344,0.97,55,CasualUK,licklesparkle
d42uzq,Very subtle British anarchy,,https://i.redd.it/fdrhjg0pyim31.jpg,1568451752.0,223,0.95,9,CasualUK,poppalopp
d42ic1,Ok does this happen near you? Asda. First row of bollards didn‚Äôt stop them. Second row didn‚Äôt work. Yellow lines a no go. New ¬£70 fine notices reduced it. But still they park by the door. Empty car park opposite. Blocks one lane of the road in front. They just don‚Äôt give a crap.,,https://i.redd.it/rdllh3qpqim31.jpg,1568449031.0,61,0.95,35,CasualUK,simonb3516
d4135y,Think they may have misunderstood the point of this space.,,https://i.redd.it/0h4yjzpavhm31.jpg,1568438471.0,193,0.99,20,CasualUK,AlternativePassenger
d3vmga,Keep Your Phone Off Tables When Outside!!!,,https://i.redd.it/ut23x6e1ffm31.jpg,1568408789.0,1877,0.99,91,CasualUK,TimothyPopinjay
d3vekz,A few hot air balloons at Longleat this evening,,https://i.redd.it/a6drafz2cfm31.jpg,1568407810.0,107,0.99,13,CasualUK,ThorburnJ
d3va4t,Witnessed a murder in Morrison‚Äôs earlier :(,,https://i.redd.it/28bf2qljafm31.jpg,1568407271.0,74,0.93,20,CasualUK,retrogamer1990
d3uals,Sometimes you just need a basket meal.,,https://i.redd.it/5z10ibmuxem31.jpg,1568403007.0,86,0.91,29,CasualUK,skippingirl
d3u1sr,Found this gem on the news paper rack,,https://i.redd.it/kp6qoxwouem31.jpg,1568401943.0,222,0.98,12,CasualUK,Toleez
d3ttsx,Cool Mr Bean street art in Newcastle,,https://i.imgur.com/39TSaUQ.jpg,1568400978.0,88,0.96,11,CasualUK,AnusOfTroy
d3tl8h,This must happen more than once every time it rains here,,https://i.redd.it/y8gqpsxr5cm31.jpg,1568399939.0,103,0.97,12,CasualUK,Guacamole13
d3tkc9,thats quite british,[deleted],https://i.redd.it/ivf8uglgoem31.jpg,1568399843.0,82,0.96,3,CasualUK,[deleted]
d3t2ew,It's grim up north.,,https://i.imgur.com/2TqoKZ4.jpg,1568397695.0,62,0.96,12,CasualUK,DrunkRonin
d3szyn,Some hero left these by my local woods,,https://i.redd.it/rkzmjr51hem31.jpg,1568397383.0,94,0.97,9,CasualUK,ally0138
d3sxt5,Asked for salt at Wetherspoons. Was given this...,,https://i.redd.it/vk54pkd9gem31.jpg,1568397113.0,89,0.96,17,CasualUK,Callum7799
d3swtl,"Honestly, I didn‚Äôt even know it was a thing people did in the first place",,https://i.redd.it/jhxcofkzfem31.jpg,1568397003.0,51,0.94,4,CasualUK,Psimo-
d3so2h,Student Debt has been solved,,https://i.redd.it/mrgnc2cxcem31.jpg,1568395963.0,525,0.97,13,CasualUK,ncoult
d3sky7,Here's Stormy!,,https://i.redd.it/rf4xcw5sbem31.jpg,1568395597.0,59,0.82,6,CasualUK,BritishHistoryGuy07
d3sfsn,Did you even try? How my family load the dishwasher,,https://i.redd.it/5m8dqcuw9em31.jpg,1568394978.0,113,0.98,30,CasualUK,georgieboy71
d3rxio,Found a pebble on Aberystwyth beach that looks like a heart‚ù£,[deleted],https://i.redd.it/lgfylgem3em31.jpg,1568392842.0,81,0.86,4,CasualUK,[deleted]
d3qlje,This beast in my local pub,,https://i.redd.it/k8appcm3ndm31.jpg,1568387282.0,1119,0.98,47,CasualUK,stewundies
d3q23g,Spotted in Birmingham,,https://i.redd.it/gi3abgb2gdm31.jpg,1568384933.0,210,0.98,8,CasualUK,farfetchedfrank
d3peu4,Songs you sung in assembly.,[deleted],https://www.reddit.com/r/CasualUK/comments/d3peu4/songs_you_sung_in_assembly/,1568381990.0,64,0.97,147,CasualUK,[deleted]
d3oqzi,Don‚Äôt remember seeing this one in my Theory Test.....,,https://i.redd.it/nnl6xzazxcm31.jpg,1568378834.0,404,1.0,55,CasualUK,thaibeachtraveller
d3n1p8,Did a very un-British thing today,"Currently on a long train journey, in the quiet coach. 

I hear this ‚Äúswish‚Äù noise that‚Äôs followed by a jingle every so often. Seems to be coming from the seat behind and sounds like someone playing a game on their phone. 

Rather than simply tutting and glaring at the culprit, I asked her to turn the sound off. She claimed she couldn‚Äôt so I reminded her it‚Äôs the quiet coach and she put her phone away. Success!",https://www.reddit.com/r/CasualUK/comments/d3n1p8/did_a_very_unbritish_thing_today/,1568369228.0,212,0.93,51,CasualUK,TheDuraMaters
d3n140,This bus pole has seen some shit,,https://i.redd.it/ks37h3755cm31.jpg,1568369133.0,93,0.9,5,CasualUK,baaaaaaaaaaaaaaaaaab
d3mj01,That's a funny name for a dog,,https://i.imgur.com/iHQlKOG.jpg,1568365589.0,172,0.96,11,CasualUK,lostgate
d3md9x,Oh the irony,,https://i.redd.it/k9sgnk85rbm31.jpg,1568364426.0,136,0.93,26,CasualUK,gingerbenji
d3m2ak,"Ah yes my favourite vintage, t'was a good year!",,https://i.redd.it/pi3xm1s2kbm31.jpg,1568362056.0,51,0.9,6,CasualUK,rstar345
d3lwy9,"Full Fact, a fact checker, doing the important work.",,https://i.redd.it/xlrtp96qgbm31.jpg,1568360979.0,461,1.0,35,CasualUK,LebenTheGreat
d3lvnp,I‚Äôve just been gifted a keyring of a seagull.,,https://i.redd.it/ybfourj3gbm31.jpg,1568360715.0,122,0.98,17,CasualUK,ManILoveFarming
d3lsaj,Off up the Asda,,https://i.redd.it/gt6tpyp3ebm31.jpg,1568360044.0,58,0.93,29,CasualUK,Jonf10
d3lhq5,This Guinness pump has USB ports to charge your phone at the bar,,https://i.redd.it/naxcn1n88bm31.jpg,1568358081.0,135,0.95,43,CasualUK,MayoOnChips
d3l8od,Interesting name for a business.,,https://i.redd.it/lfet4ac13bm31.jpg,1568356398.0,65,0.99,9,CasualUK,iwannaholdyour-ham
d3l79a,My other half making the right choices.,,https://i.redd.it/27jl6nzi2bm31.png,1568356149.0,34309,0.96,691,CasualUK,JGrace16
d3kl4o,Trying to capture a nice sky and my dog decided to photo bomb.,,https://i.redd.it/1ccyvrpsqam31.jpg,1568352203.0,234,0.97,10,CasualUK,Hayden_Windsor96
d3gofq,"So, it was our 35th wedding anniversary on Tuesday, I got this done !",,https://i.redd.it/2rzo90tm39m31.jpg,1568332306.0,234,0.95,26,CasualUK,JackMeyhoff
d3e1rr,Normally you get 5 years for that,,https://i.redd.it/v6a4kbfc58m31.jpg,1568320773.0,2077,0.98,43,CasualUK,Classicwales
d3d7pe,Service station toilet paper.,[deleted],https://i.redd.it/7j39zyl1v7m31.jpg,1568317339.0,398,0.99,59,CasualUK,[deleted]
d3d3r4,"B&amp;Q cat, now helping if assistance is required",,https://i.redd.it/ph2btne0w5m31.jpg,1568316906.0,434,0.98,15,CasualUK,Amai-Kisu
d3cz11,"I think someone was bored of their trip to IKEA, Milton Keynes the other day",,https://i.redd.it/jhnikf57s7m31.jpg,1568316353.0,124,0.93,9,CasualUK,tchcreates
d3bmnp,Who remembers this from school dinners?,,https://i.redd.it/wqeomeplb7m31.jpg,1568310770.0,319,0.96,60,CasualUK,grpkta
d3bdn5,"Well done Tesco, it‚Äôs how I like my [G]rapes",,https://i.imgur.com/tvfMpoh.jpg,1568309743.0,254,0.96,24,CasualUK,[deleted]
d3ae71,Went for a lovely walk in the Scottish countryside,,https://i.imgur.com/ejdYfWN.jpg,1568305677.0,68,0.96,3,CasualUK,scwol
d39nx2,"Someone in a past post requested example of my Dicasso works, here we have an interpretation of my old workplace.",,https://i.redd.it/i45h06qdn6m31.png,1568302625.0,86,0.91,15,CasualUK,IPwhenISneeze
d39fw2,Batman's UK residence,,https://i.redd.it/an37r8bfk6m31.jpg,1568301667.0,739,0.97,49,CasualUK,hhrc-1
d387h1,I think I have nothing to say...,,https://i.redd.it/t73g0zi755m31.gif,1568296294.0,721,0.97,36,CasualUK,IAmBlaZing
d37tzb,"After minths of planning, writing , waiting and an intense interview. I finally did it. Im studying a PhD!",,https://i.redd.it/qg4exbpcz5m31.jpg,1568294544.0,279,0.93,51,CasualUK,[deleted]
d374gd,"Chilli and pear chutney, fully home grown. Pretty good for a first attempt if I do say so myself.",,https://i.redd.it/nuv7d9vzo5m31.jpg,1568291067.0,99,0.94,30,CasualUK,MyApologies_
d37284,Watford standard,,https://i.redd.it/jnpqzga2o5m31.jpg,1568290750.0,62,0.92,6,CasualUK,fourfuxake
d371bp,Its famous for somthing at least,,https://i.redd.it/drqottaon5m31.jpg,1568290618.0,628,0.99,42,CasualUK,WanderingF0X
d36zjf,My 4 year old son wants to be a Police Officer and caught this devious criminal..... that‚Äôs another one off the streets! üòÇ,[deleted],https://i.redd.it/lifszgxxm5m31.jpg,1568290373.0,287,0.95,34,CasualUK,[deleted]
d36p1b,Rented a house on crest of hill at Peak District. What a view.!,,https://i.redd.it/vpris8kbi5m31.jpg,1568288816.0,66,0.95,7,CasualUK,milandesai47
d36bt0,When you find ¬£20 on the floor and treat yourself to a pint,,https://i.redd.it/32gurbp3c5m31.jpg,1568286726.0,7465,0.99,252,CasualUK,olliewolliesam
d35dyr,The closest I‚Äôve ever come to being scammed,,https://i.redd.it/zdcpxnipt4m31.jpg,1568280539.0,203,0.98,20,CasualUK,angusmac1
d355kh,Views like this make me happy I live in Wales.,,https://i.redd.it/ojf77xeno4m31.jpg,1568278838.0,284,0.99,15,CasualUK,welshie123
d34yt0,I‚Äôm picturing a rapper wearing smart casual,,https://i.redd.it/7jvqlcmek4m31.jpg,1568277410.0,69,0.97,10,CasualUK,thebigchil73
d34wsy,I mean you couldn‚Äôt ask for any fairer than that...,,https://i.redd.it/ozuu2mv3j4m31.jpg,1568276975.0,552,0.97,22,CasualUK,kiddsky
d34u58,Someone give this man a knighthood,,https://i.imgur.com/9zKMgHv.gifv,1568276429.0,1959,0.99,71,CasualUK,tommy_jackson9
d34mmx,Places not to visit: #1: Burnley,,https://i.redd.it/r8rpy2qsc4m31.jpg,1568274860.0,243,0.95,46,CasualUK,Dazed_And_MoreBooze
d34jnp,Stagecoach taking me to Worrygoose Roundabout,,https://i.redd.it/8wvxdc4za4m31.jpg,1568274240.0,90,0.96,19,CasualUK,thegibsongirl03
d34jmp,Anybody else feel intensely uncomfortable when you drive past one of these? Work of the devil.,[deleted],https://i.redd.it/hzjc4hqwa4m31.jpg,1568274234.0,281,0.98,84,CasualUK,[deleted]
d34irh,Had a nice train journey next to this pupper üíû,[deleted],https://i.redd.it/9ujfsa9ga4m31.jpg,1568274074.0,133,0.88,20,CasualUK,[deleted]
d34f4v,Liverpool-Edinburgh return please,,https://i.redd.it/tqon8lv984m31.jpg,1568273355.0,74,0.92,19,CasualUK,Fithboy
d347qj,This morning's commute,"A man wearing a very creased blue suit sat down next to me on the Jubilee line this morning. I think he had an egg yolk stain on his shirt too. Before he got up to leave at Finchley Road he flipped open his satchel to put his Metro newspaper away and I got a glimpse of something shiny in his bag. There weren't any papers or folders as I was expecting for a person in a suit to have, just a lot (and I mean a lot, it was full) of Werther's originals wrappers.


I'll be thinking of that man and his story for the rest of the day",https://www.reddit.com/r/CasualUK/comments/d347qj/this_mornings_commute/,1568272003.0,101,0.97,16,CasualUK,Jiyx
d2yuwv,The word is prosthetic. PROSTHETIC!,,https://i.redd.it/4z5vqqr9s1m31.jpg,1568243736.0,325,0.99,6,CasualUK,lindbladlad
d2wakh,Totally unacceptable what tesco is doing to its leeks these days.,,https://i.redd.it/jxw7de6nw0m31.jpg,1568233102.0,104,0.97,5,CasualUK,Emloin
d2v74z,"Here I was, thinking I was original when I bought my client a cake. But hey, I‚Äôm an Uncle!",,https://i.redd.it/hcymxecrj0m31.jpg,1568228765.0,97,0.99,7,CasualUK,Roundaboutcrusts
d2umk0,Why is there no ¬£2 chocolate coin with white chocolate in the middle bit?,,https://www.reddit.com/r/CasualUK/comments/d2umk0/why_is_there_no_2_chocolate_coin_with_white/,1568226470.0,166,0.97,22,CasualUK,Larxenai
d2txck,My unusual Visitor just came back to the garden. Then she came to check me out. I almost sh*t myself as she swooped down. ü¶Ö,,https://i.redd.it/ojfh8ixj40m31.jpg,1568223653.0,105,0.99,30,CasualUK,playroomsessions
d2tnck,The highest beagle in all of the UK. Snowdon summit,,https://i.redd.it/2ndyrcj810m31.jpg,1568222539.0,629,0.98,36,CasualUK,Oh_yeeah
d2t8ao,Playful dolphin swimming around Lyme Regis on Saturday afternoon.,,https://v.redd.it/7116m483wzl31,1568220896.0,84,0.96,6,CasualUK,ghostremembers
d2sdi4,"Caught this cheeky beggar taking a peek at me while I was trying on pants earlier! Even at 78, the birds can't get enough!",,https://i.redd.it/6mucvurrkzl31.jpg,1568217544.0,254,0.96,32,CasualUK,TheRealCliffRichard
d2scva,It is forbiden to perform the works of Shakspeare on this escalator at St. Pancras,,https://i.redd.it/fjz8te26mzl31.jpg,1568217474.0,103,0.91,18,CasualUK,Angueo
d2rxzz,"Umm, the weather forecast seems quite bad.",,https://i.redd.it/8n67rm99hzl31.jpg,1568215834.0,18403,0.97,223,CasualUK,NEWSBOT3
d2rpy1,Working on a website. Trying to decide if these are fabric names or a roll call at a posh school.,,https://i.redd.it/w60drj0nezl31.jpg,1568214936.0,900,0.99,56,CasualUK,vbloke
d2rah4,"My Dutch colleague and I jumped on a flight over to the UK for a couple of meetings today. His new favourite pointless word that he's learned is... ""Lanyard""",[deleted],https://www.reddit.com/r/CasualUK/comments/d2rah4/my_dutch_colleague_and_i_jumped_on_a_flight_over/,1568213208.0,63,0.91,38,CasualUK,[deleted]
d2ra77,Fiance and I headed over to the Discworld Emporium in honor of the late great British treasure Terry Pratchett.,,https://i.redd.it/u8orowjp2zl31.jpg,1568213179.0,142,0.97,27,CasualUK,MrLobsang
d2pryc,My mouse had a parking ticket/clamp after my lunch break.,,https://i.redd.it/lycowxmeqyl31.jpg,1568206789.0,542,0.97,40,CasualUK,tomo1986uk
d2phy6,When British Sci-Fi was at its coolest (and most educational),[deleted],https://i.redd.it/a2io35jpmyl31.jpg,1568205543.0,59,0.88,17,CasualUK,[deleted]
d2ovjb,Photo of Humber bridge which is a very nice bridge indeed.,,https://i.redd.it/t45i0opodyl31.jpg,1568202631.0,163,0.97,19,CasualUK,hhrc-1
d2ou02,The number of chips you get for ¬£2.70 at Gloucester Services,,https://i.redd.it/zu20zw39dyl31.png,1568202417.0,69,0.94,30,CasualUK,Playful_Muffin
d2omr6,When you use a 20 to top up your oyster by a fiver,,https://i.redd.it/g9v6qym7ayl31.jpg,1568201364.0,122,0.96,40,CasualUK,ex_why_zee
d2oag3,Sandi Toksvig hugging QI contestants,,https://v.redd.it/msny7o3s4yl31,1568199540.0,95,0.91,23,CasualUK,FatmanNotBatman
d2o0la,Can we take a moment to remember that these were once popular enough to be seen on the road.,,https://i.imgur.com/fxB9cNa.jpg,1568197940.0,1672,0.99,329,CasualUK,[deleted]
d2nn1p,Wales has some great bundles on Facebook Marketplace,,https://i.redd.it/mjj4arn5txl31.jpg,1568195607.0,94,0.95,18,CasualUK,Antoniorobertov
d2nebe,"Can anyone explain why it is going to take two and a half years to ""upgrade"" 20 miles of M6! Just how many cups of tea do they need to stop for!",,https://i.redd.it/fne4jkccoxl31.jpg,1568193990.0,140,0.94,77,CasualUK,DanceLikeItsOuchy
d2nbcv,I'll take the ¬£10 please,,https://i.imgur.com/PwzIlIP.jpg,1568193424.0,466,0.98,42,CasualUK,[deleted]
d2n7ds,Shark spotted lurking in heavily weeded section of local canal !,,https://i.redd.it/lxsk0ughkxl31.jpg,1568192693.0,170,0.98,6,CasualUK,marshwizard
d2mfxt,Officially more well travelled than Tinie Tempah,,https://imgur.com/QbEHneC.jpg,1568187262.0,669,0.97,52,CasualUK,26326312
d2m0ue,"Besides their signals system problems, the Met line broke also the 24-hour clock.",,https://i.redd.it/hlmvw018wwl31.png,1568184529.0,825,0.98,42,CasualUK,bordin89
d2ls5n,Romance alive and well,,https://i.redd.it/kwu8lmvhrwl31.jpg,1568182946.0,1275,0.98,33,CasualUK,shapesinclouds
d2lic6,An old railway tunnel in Somerset,,https://i.redd.it/pmsl892kmwl31.jpg,1568181280.0,7585,0.97,209,CasualUK,Blobritto
d2lbx3,Drunk train thinks it‚Äôs 2 trains and that all passengers are sitting on the tracks,,https://i.redd.it/q0spewocjwl31.jpg,1568180202.0,64,0.93,10,CasualUK,rr817170
d2fcvk,I am starting to think I order too much online (I've not logged a safe place or talked to my postie),,https://i.redd.it/0gv9kk50aul31.png,1568152893.0,1927,0.99,77,CasualUK,Mukatsukuz
d2ex8n,Sunset at Whitley Bay,,https://i.redd.it/mxnfpkr35ul31.jpg,1568151196.0,148,0.95,7,CasualUK,Blobritto
d2en1o,Just having a wee,,https://v.redd.it/xvita3fv1ul31,1568150112.0,100,0.93,22,CasualUK,BernzMaster
d2cz3z,"Just been for a meal out, only to see some bloke walk out the restaurant with a full carvery plate and put it into his car, and promptly drive off. I was then made aware of the fact that this place did takeaway carverys, fair to say, my mind was blown",,https://www.reddit.com/r/CasualUK/comments/d2cz3z/just_been_for_a_meal_out_only_to_see_some_bloke/,1568143937.0,109,0.98,19,CasualUK,Dazed_And_MoreBooze
d2cizu,Welcome to the Isle of sheppey!,,https://i.redd.it/435r9346wrl31.jpg,1568142274.0,364,0.97,17,CasualUK,clairehannah
d2ai3p,1 closure on the M27 and the whole of Southampton grinds to a halt. Anyone else think it's getting a bit too overpopulated down here?,,https://i.redd.it/cd6poe6krsl31.jpg,1568134534.0,116,0.96,57,CasualUK,mwbstevens
d2a5sm,"It's Suicide Prevention Day. Dave created a guide to help you reach out to friends, if you're worried about them.",,https://i.redd.it/4jnhj55hwql31.jpg,1568133246.0,726,0.99,76,CasualUK,AngelusLA
d2a3f8,Asking a Scot about your Welsh heritage,[deleted],https://i.redd.it/0io6f04wmsl31.png,1568132990.0,84,0.95,5,CasualUK,[deleted]
d29tjm,"I put the bins out before the rest of the street, AMA",,https://www.reddit.com/r/CasualUK/comments/d29tjm/i_put_the_bins_out_before_the_rest_of_the_street/,1568131951.0,60,0.89,46,CasualUK,ATibbey
d28hxq,"The ultimate r/CasualUK home accessory. Available in B&amp;M stores, filled with mini Penguin biscuits.",,https://i.redd.it/sj0r1rz34sl31.jpg,1568126652.0,520,0.98,61,CasualUK,Velcro-hotdog
d27va1,Standard morning out,,https://v.redd.it/2fijabjptql31,1568123770.0,122,0.96,15,CasualUK,ThiccBoiVibes
d27uhz,"Didcot, Spring vs Summer",,https://i.redd.it/nea0ig68vrl31.jpg,1568123662.0,393,0.98,56,CasualUK,lx_online
d2732y,A lightning bolt in Newcastle,,https://i.redd.it/uiirk25tjrl31.jpg,1568119822.0,108,0.96,8,CasualUK,Blobritto
d271e0,Feel sorry for the kids that sit on these monstrosities at Maccy D,,https://i.redd.it/f7vcxxe2jrl31.jpg,1568119572.0,70,0.94,7,CasualUK,pyrowill7
d26d27,Quality bit of town planning!,,https://i.redd.it/gupivc6s7rl31.jpg,1568115776.0,71,0.95,16,CasualUK,choirleader
d26bkm,Torn some ligaments in my foot and get this prescribed. Pun intended?,,https://i.redd.it/yl57ihg17rl31.jpg,1568115527.0,184,0.99,39,CasualUK,littlenymphy
d266kr,Haslemere this morning - bucolic as fuck.,,https://i.redd.it/2c6c44jk4rl31.jpg,1568114699.0,355,0.98,47,CasualUK,harmallama
d262pu,Just discovered evidence that one one in Russell Square has committed sacrilege of the highest form by leaving Jaffa cakes on a bin,,https://i.redd.it/pgzn0bjj2rl31.jpg,1568114043.0,73,0.95,27,CasualUK,Hazzardroid13
d260tu,"Misty morning in Redworth, County Durham",,https://i.redd.it/3b6piwin1rl31.jpg,1568113719.0,108,1.0,3,CasualUK,therealpiemouse
d25sy2,"Took a parcel for a neighbour, then it got awkward.","Simple story. About two weeks ago we had a courier knock on the door, ""can you hold this for your neighbour a few doors down?"" (We see this courier every few days with our own deliveries so we aren't randoms).  
No problem. They put a card in their letterbox and we think nothing more of it.  
That evening, nobody shows up, meh could be working late.  
After a couple days of no pickup my wife wanders up and knocks on the door, no answer. And again a few days later. And again a few days after that.  
Finally got hold of the person that lives in the flat downstairs and ask if they've seen the person from upstairs...  
""No, she died in hospital last week, her family have been here clearing her stuff out."".  
Had a nose through the letter box and the flat is empty, wtf do I do with this parcel?",https://www.reddit.com/r/CasualUK/comments/d25sy2/took_a_parcel_for_a_neighbour_then_it_got_awkward/,1568112335.0,89,0.98,61,CasualUK,biobasher
d25ql1,What do you do with blackberries and apples? Besides a crumble or pie..,,https://i.redd.it/dc7g7z17wql31.jpg,1568111882.0,55,0.98,48,CasualUK,NoCalmWaters
d25fb5,Based on a true story,[deleted],https://i.redd.it/ng380oyspql31.jpg,1568109731.0,452,0.98,59,CasualUK,[deleted]
d24dzh,Every time I visit my parents house I find out they've got new cutlery,,https://i.imgur.com/AzE74yh.jpg,1568101792.0,34716,0.96,606,CasualUK,Cerpin-Taxt
d23z8n,Surprised by the lack of advertising for this local petting zoo,,https://i.imgur.com/eM2Ub7m.jpg,1568098721.0,199,0.97,12,CasualUK,ClassicFlavour
d23lq9,Does anyone know what class this train is?,,https://i.redd.it/dog3rj4vkpl31.jpg,1568095961.0,72,0.92,5,CasualUK,kiddsky
d23fdk,"I've spent three days trying to remember the Breaking Bad theme but being able to think of nothing but the Black Books theme. So I put this together to see if it worked, and do you know, I think it would confuse a stupid person.",,https://v.redd.it/ymrxgh6rgpl31,1568094738.0,88,0.91,18,CasualUK,essentialatom
d1yrhc,"Went to visit Highgate cemetery, the grave number someone has given Douglas Adams made me smile.",,https://i.redd.it/3emr0bljgnl31.jpg,1568070300.0,264,0.99,18,CasualUK,mierneuker
d1xrix,Every day I walk past a particular house on my way to Sainsbury‚Äôs in my lunch break...,"We‚Äôve all seen a house like it. They‚Äôve seemingly never heard of the rubbish tip so they just abandon all their unwanted crap on their driveway and leave it there. Sofas, mattresses, kids‚Äô old toys, whatever. Well this particular house has had an old tennis net stood on the driveway for months, with the poles together and the net wrapped around them. As I walked past them today I noticed a hedgehog at the base. I took a closer look as it is unusual to see a hedgehog in the middle of the day, and I‚Äôm glad I did as he was completely tangled in the net. He had obviously been there for some time after struggling for god knows how long and apparently giving up (or getting so knotted he couldn‚Äôt move anymore). After asking a couple of passers by if they may happen to have anything I could cut him free with (nail scissors maybe, I don‚Äôt know, turns out they had nothing) I had to knock on the homeowner‚Äôs door and tell him what had happened. He brought out some scissors and we cut the bulk of the net off.  I took the [hedgehog](https://imgur.com/gallery/2zA8kfI) to the nearest vet, who spent 15 minutes untangling him and advised that I return him to the same place (although away from the net). I did so (hiding him under a nearby hedge) and can only hope that he‚Äôs ok, and that the owner of that tennis net has had the decency to remove it completely. 
We see all sorts of photos, mainly from the ocean, where animals are tangled in plastic beer can holders or have straws up their noses or god knows what. But it‚Äôs not often we see examples of this on our own doorstep. I don‚Äôt even live in the countryside, I was in the middle of a busy town in the south east. 
I‚Äôm sorry to have gone all preachy, it wasn‚Äôt my intention when I started writing this post, but it definitely got to me seeing that today. 
Dispose of your crap responsibly people, lest you have a rather pissed off woman knocking on your door asking for scissors.",https://www.reddit.com/r/CasualUK/comments/d1xrix/every_day_i_walk_past_a_particular_house_on_my/,1568065953.0,148,0.98,17,CasualUK,hfolcot
d1xfvh,This mailbox in London is being eaten by a tree,,https://i.redd.it/nq9047plzml31.jpg,1568064599.0,263,0.94,33,CasualUK,millsytime
d1x7jn,Seems like Asda is getting passive aggressive in their performance reviews. Poor Jan.,,https://imgur.com/EC3uOJ6,1568063619.0,95,0.99,3,CasualUK,Kyle_ConflictNews
d1wlj4,The Under 7‚Äôs footy chat got a bit messy this morning.,,https://i.redd.it/2gylqdwzoml31.jpg,1568061030.0,5436,0.98,210,CasualUK,whatamilookinfor
d1weqw,"Was on the road today working, apparently in Ashton-Under-Lyne it‚Äôs already the year 2077.",,https://i.redd.it/zkg88u3nmml31.jpg,1568060242.0,189,0.97,24,CasualUK,KOS_MOZ
d1w429,"Went to a family friend's funeral, and they had these outside which I thought were neat.",,https://imgur.com/h9rQUte,1568059021.0,171,0.97,13,CasualUK,OnePlayerReady
d1vi49,"Walking down my local High Street yesterday I noticed a Specsavers, a Boots chemist and a Greggs...",[deleted],https://www.reddit.com/r/CasualUK/comments/d1vi49/walking_down_my_local_high_street_yesterday_i/,1568056404.0,827,0.96,19,CasualUK,[deleted]
d1udy6,I'm not sure who approximated the amount of mini bags in this pack but I'm pretty grateful to them! 30 for ¬£1,,https://i.redd.it/8mgx16q5xll31.jpg,1568051670.0,303,0.96,32,CasualUK,mushroomface91
d1txjv,Wetherspoons are trying to destroy the very thing that makes this nation great,,https://i.redd.it/q5ump3m0oll31.jpg,1568049713.0,195,0.9,70,CasualUK,knight-writer
d1tugo,"The Dingle, Shrewsbury, on a sunny day in late August",,https://i.redd.it/769gfqe9pll31.jpg,1568049348.0,84,0.99,4,CasualUK,DieAlteLeier
d1tg61,"Yesterday, I gave my bicycle from when I was a kid to the neighbour's son. He has just given me this in return",,https://i.redd.it/1hcitx30lll31.jpg,1568047581.0,7633,0.98,133,CasualUK,conversationchanger
d1spm8,"Might as well be ""Jolly Good""",,https://i.redd.it/mlf5ozi6bll31.jpg,1568044278.0,80,0.93,16,CasualUK,luffe1000
d1snjl,Dog on the train is the adult equivalent of a dog in the playground when you were a kid,Texted everyone I knew that I met a dog on the train and realised it‚Äôs like when you‚Äôre a kid and everyone is talking about the dog in the playground! Yes I took a picture too!,https://www.reddit.com/r/CasualUK/comments/d1snjl/dog_on_the_train_is_the_adult_equivalent_of_a_dog/,1568044015.0,70,0.95,15,CasualUK,WynterOrion
d1sfjx,Wanna be a big cop in a small town?.....,,https://i.redd.it/eeb3t2ld7ll31.jpg,1568043000.0,197,0.97,20,CasualUK,[deleted]
d1rk0m,I would expect people raised in a barn to always close doors behind them because you wouldn't want to leave your barn open all night,All the cows would run away,https://www.reddit.com/r/CasualUK/comments/d1rk0m/i_would_expect_people_raised_in_a_barn_to_always/,1568038941.0,96,0.96,20,CasualUK,cooolest
d1qg0t,Quality Street tubs are being reduced in size once again this year,,https://www.theguardian.com/business/2019/sep/09/happy-christmas-shrinkflation-trims-quality-street-again,1568033269.0,69,0.96,51,CasualUK,1beatleforce1
d1pl0l,Only in England could you get a lovely chapel converted into a low quality bathroom shop,,https://i.redd.it/z6h0to8kzjl31.jpg,1568028267.0,442,0.98,89,CasualUK,slightdisappointment
d1p5c4,Best British sitcom,[deleted],https://v.redd.it/q527u2zdrjl31,1568025519.0,385,0.95,41,CasualUK,[deleted]
d1osa8,Nice thing about this time of the year is you can see a great sunrise without getting out of bed at silly o'clock,,https://i.redd.it/km7moawsjjl31.jpg,1568022981.0,75,0.99,11,CasualUK,hhrc-1
d1ojd8,Any adults still pretending to drive the bus when on the top deck...?,,https://i.redd.it/i6jpxnmaejl31.jpg,1568021114.0,692,0.98,74,CasualUK,IGotAMellowship
d1o25n,I still think that we have the best sunsets in the world,,https://i.redd.it/0i31n2qy2jl31.jpg,1568017334.0,54,0.84,4,CasualUK,gagsy10
d1nlfl,This British 60's Architectural Gem,,https://i.redd.it/e304qdc9sil31.jpg,1568013702.0,497,0.99,101,CasualUK,angryratman
d1n06m,Thought this would be appropriate for this subreddit.,,https://i.redd.it/8e9l2yfufil31.png,1568009617.0,53,0.97,3,CasualUK,penguinqueen111
d1kukb,"Either Tesco need to rethink their labelling, or this is a casual admission of something horrifying",,https://imgur.com/5WJHfd4,1567996471.0,59,0.97,10,CasualUK,Jane_motherofkittens
d1gqsv,"Thank you for this, Birmingham!",,https://i.redd.it/zu3ufwznnfl31.jpg,1567975837.0,203,0.98,4,CasualUK,[deleted]
d1g75u,Beautiful day to be at Kew Gardens,,https://i.redd.it/89xlr0engfl31.jpg,1567973478.0,207,0.97,7,CasualUK,dataisok
d1fj1k,Fortunate name for this statement on BT Internet‚Äôs WiFi coverage,,https://i.redd.it/5izjiqix7fl31.jpg,1567970544.0,63,0.94,3,CasualUK,Tommze
d1f436,The best chant you'll hear today,,https://v.redd.it/m2eps1sk2fl31,1567968763.0,2823,0.98,78,CasualUK,mt2oo8
d1ewqt,The seizure-inducing picture quality of Amazon‚Äôs exclusive UK coverage of the 2019 US Open.,,https://i.redd.it/sr69d7b40fl31.jpg,1567967916.0,85,0.97,10,CasualUK,subseismic
d1eba7,The world has literally gone mad!,,https://i.redd.it/i8kb88hfsel31.jpg,1567965329.0,8937,0.96,255,CasualUK,welshie123
d1e2jq,One of the few surviving tile kilns (at Nettlebed in the Chilterns),,https://i.redd.it/036t0g85pel31.jpg,1567964229.0,248,1.0,18,CasualUK,plebbitspacing
d1di79,Walt and Jessie have moved on from their crystal meth days...,,https://i.redd.it/g7z5jopqhel31.jpg,1567961736.0,61,0.83,4,CasualUK,Rabidbadger69
d1d2zj,It‚Äôs our local festival rushbearing. 60 lads drag a cart made of grass around Yorkshire and stop at every pub on the road.,,https://i.redd.it/rn53y2p4cel31.jpg,1567959868.0,329,0.99,41,CasualUK,ShampooandCondition
d1cf2c,Our green and pleasant land.,,https://i.redd.it/orhwg8wf3el31.jpg,1567956930.0,133,0.97,13,CasualUK,Wackyal123
d1c4dc,Found these beauties on the allotment this morning,,https://i.imgur.com/82U4YZV.jpg,1567955507.0,93,0.96,15,CasualUK,JayneLut
d1bmb3,"Striding Edge up to Helvellyn, Lake District. Amazing views!",,https://i.redd.it/ao6iy2f4sdl31.jpg,1567953132.0,64,0.96,3,CasualUK,Yak_yakyak
d1blay,Found at work today. Turns out he was the local store manager when tragedy struck,,https://i.redd.it/pkij23bprdl31.jpg,1567952995.0,135,0.98,23,CasualUK,Generally-Knackered
d1bf68,Lovely little house i saw in London,,https://i.redd.it/onrlm698pdl31.jpg,1567952148.0,281,0.92,42,CasualUK,perryabielias
d1b62y,Best thing I‚Äôve ever seen in curry‚Äôs pc world,[deleted],https://i.redd.it/5et8mxtbldl31.jpg,1567950836.0,75,0.72,15,CasualUK,[deleted]
d1ami4,The perfect ambulance number place doesn't exi...,,https://i.redd.it/nj0un860cdl31.jpg,1567947773.0,7326,0.98,101,CasualUK,mykeuk
d1abfr,Garfield got WILD,,https://i.redd.it/0cvpriug6dl31.jpg,1567945837.0,608,0.97,23,CasualUK,Barrows_Bukkake
d1a4s6,Bloody love the English countryside! My view with breakfast this morning.,,https://i.redd.it/0jj9yy9r2dl31.jpg,1567944594.0,562,0.97,19,CasualUK,[deleted]
d19nqz,Found this in my Dad's bookshelf. A comprehensive guide on the 50 worst places to live in the UK. No prizes for guessing who's at #1.,,https://i.redd.it/x7j29fddrcl31.png,1567941274.0,108,0.94,138,CasualUK,banterray
d19iu4,With that face I'm not surprised that he is a sexual deviant. Just suprised Shirley has written a children's book about it.,,https://imgur.com/p9WVBfE,1567940294.0,122,0.94,23,CasualUK,chilejon
d19cq7,Amazing photo of an Avro low flying in Lancaster UK. Apologies if repost as this photo is from 2013 but first time I had seen it.,,https://i.redd.it/5cig2cb3mcl31.jpg,1567938984.0,1005,0.98,60,CasualUK,AgentOJ21
d19aj5,"Carnage this lazy Sunday, standoff over stoat and fox guts spilled on the floor",,https://i.redd.it/j82tc6onkcl31.jpg,1567938518.0,65,0.96,10,CasualUK,scraplog
d18zeq,This was in my local Tesco next to a college,[deleted],https://i.redd.it/ttk650zgdcl31.jpg,1567936087.0,195,0.94,29,CasualUK,[deleted]
d18vuy,Imagine going to boots to get paracetamol and will Smith walks up toy ou and tries to sell you his sons bottled water,,https://i.redd.it/3ud7kpt6bcl31.jpg,1567935318.0,6684,0.96,338,CasualUK,LordOfTheChumps
d18jn4,"I was out in town today and found this oddity. Shepherd‚Äôs pie pizza. Fukuoka, Japan.",,https://i.redd.it/2282qb3t2cl31.jpg,1567932500.0,385,0.99,53,CasualUK,Stressed_robot
d18ikn,"I missed 2am tea and cake, so I'm having it with this fuzzy pest instead",[deleted],https://i.redd.it/fxop61tu1cl31.jpg,1567932226.0,832,0.97,11,CasualUK,[deleted]
d182hc,Countryfile spotted a beautiful sight of a drinking trolley this very morning.,,https://i.redd.it/0ndo0yo7rbl31.jpg,1567928601.0,340,0.99,10,CasualUK,AncientProduce
d17nk3,Found these relics in a toy in my garage at home home last night. Expiry date: 2002!,,https://i.imgur.com/4y9bAaY.jpg,1567925306.0,5713,0.95,122,CasualUK,jakash
d1798p,R.I.P Our Snuffles,"Snuffles has unfortunately passed away, we are all very upset. He/She passed away sometime early morning Tuesday. I'm still crying on and off. As you know, I thought there were two, then I thought there was one, there was definitely two, I've heard Prickles out the back. I'm so glad we have Prickles, but still so upset about Snuffles

https://preview.redd.it/3y1hbk1q6bl31.png?width=4032&amp;format=png&amp;auto=webp&amp;s=1a67e37a77709ac4337889758d1bc69252faba55",https://www.reddit.com/r/CasualUK/comments/d1798p/rip_our_snuffles/,1567922233.0,243,0.91,30,CasualUK,[deleted]
d14eos,"It's 2am, anyone for tea and cakes?",,https://i.imgur.com/33JAXf9.jpg,1567904578.0,1539,0.96,81,CasualUK,DanceLikeItsOuchy
d11fg3,Good luck to all of the lads and lasses running the Great North Run tomorrow!,,https://imgur.com/LrDn6GU,1567889260.0,122,0.97,3,CasualUK,loosefred
d10jpk,Just watched the BBC film 'Threads' (1984) for the first time,Easily the most horrific / disturbing film I've ever seen. Even worse knowing it could realistically happen to us in the present. Probably won't be sleeping tonight...,https://www.reddit.com/r/CasualUK/comments/d10jpk/just_watched_the_bbc_film_threads_1984_for_the/,1567885029.0,69,0.98,85,CasualUK,M_Proctornator
d0z9zn,I found a DOUBLE SHREDDIE! I thought it belonged here.,,https://i.redd.it/4e42v3g3o7l31.jpg,1567879128.0,182,0.94,24,CasualUK,[deleted]
d0yy16,Glad to see Mr Whippy has finally received the Knighthood he deserves,,https://i.redd.it/6yewmf5dj7l31.jpg,1567877538.0,1127,0.99,19,CasualUK,eddikth
d0xwk9,The ultimate breakfast machine,,https://i.redd.it/g0462sjfu5l31.jpg,1567872675.0,82,0.95,30,CasualUK,LaFerrari2305
d0xs8r,Ivy on the Christ Church Cathedral in Oxford,,https://i.redd.it/gpe81hw437l31.jpg,1567872123.0,79,0.94,6,CasualUK,moriaty123
d0wd3o,"Marwell Zoo, the home of the Sausage Ass!",,https://i.redd.it/cof3qzndi6l31.jpg,1567865099.0,346,1.0,22,CasualUK,mwbstevens
d0w8c5,"When I was younger I lived near a Tesco. One day I saw a woman wearing that Asda fleece walking in and buying stuff. I couldnt believe it, someone from Asda buying tesco product. I thought she was breaking the law and i told my mum to call the police.",Possibly wrong sub but anyway,https://www.reddit.com/r/CasualUK/comments/d0w8c5/when_i_was_younger_i_lived_near_a_tesco_one_day_i/,1567864369.0,127,0.95,28,CasualUK,[deleted]
d0w0uy,Got called out by the cashier at the One Stop,"Popped in to the Oney to get some beer for later because Saturday.  (8  330ml cans Brewdog Indie Pale Ale).  Nice if you‚Äôve not tried it. 

I‚Äôd bought some the previous night because Friday, drunk 4. 

‚ÄúDidn‚Äôt you buy the same last night? Drunk em already?‚Äù

Cheeky fucker, I only drink at the weekend. Don‚Äôt give me a complex.",https://www.reddit.com/r/CasualUK/comments/d0w0uy/got_called_out_by_the_cashier_at_the_one_stop/,1567863221.0,72,0.98,31,CasualUK,[deleted]
d0vnuf,First weekend off in 3 months... Met up with the gang.,,https://i.imgur.com/BDyf5mL.jpg,1567861129.0,78,0.96,14,CasualUK,suexo
d0vbay,Looks like there's a stall in Tynemouth market selling Batman porn,,https://i.imgur.com/Lv82Qh8.jpg,1567858856.0,97,0.96,21,CasualUK,lostgate
d0v67z,"This ""gift"" from Bridlington",,https://i.redd.it/csodtofzw5l31.jpg,1567857906.0,109,0.96,27,CasualUK,TwigIdentity
d0uohj,Nice marketing campaign by Cadbury UK for Age UK. They have taken the words off their chocolate bars and donated the money to help elderly people who regularly go a week without speaking to anyone.,,https://i.redd.it/9gpb16ucm5l31.jpg,1567854325.0,1900,0.98,105,CasualUK,DannyHallam
d0ug1a,My mum is not taking any crap from me. She's 68 btw.,[deleted],https://i.imgur.com/fTx0pli.jpg,1567852475.0,218,0.93,13,CasualUK,[deleted]
d0uewb,Our Greggs is casually haunted,,https://i.redd.it/0cwcpaj3g5l31.jpg,1567852222.0,99,0.95,13,CasualUK,Mahwrin-Skel
d0ucyi,I made a simple live train departure site for regular commuters!,,https://departureboard.io,1567851768.0,85,0.97,24,CasualUK,benmaynard11
d0uc39,The farmer wants a wife,[deleted],https://i.redd.it/6bapyvy8e5l31.jpg,1567851599.0,56,0.89,2,CasualUK,[deleted]
d0u8z2,Phoebe Waller-Bridge and Andrew Scott handing out Gin &amp; Tonic for people queueing for Fleabag play on a Saturday morning,,https://i.imgur.com/m9l86T7.jpg,1567850926.0,1214,0.99,85,CasualUK,ChiSqaure
d0u6w7,Good to know...,,https://imgur.com/3381CNE,1567850471.0,291,0.99,2,CasualUK,[deleted]
d0u2z6,The most depressing football flag I have ever seen,,https://i.redd.it/3cw208qc85l31.jpg,1567849615.0,27251,0.94,747,CasualUK,die4codgrimsby
d0tsij,Northerners,[deleted],https://i.redd.it/otyv1ueg15l31.png,1567847306.0,649,0.88,119,CasualUK,[deleted]
d0tks3,Rejoice Indeed,,https://i.redd.it/w76fpgg9w4l31.jpg,1567845552.0,273,0.94,61,CasualUK,YoungGazz
d0nr82,I know we all like a good breakfast debate so I thought I‚Äôd throw this in.,,https://v.redd.it/6znafn0fw1l31,1567809299.0,110,0.89,61,CasualUK,spanglesakura
d0l1mh,Slug just randomly appearing on the wall. Cool. How nice of you to drop in.,,https://i.redd.it/slngmk5cv0l31.jpg,1567796811.0,236,0.99,75,CasualUK,iCollect50ps
d0j7lt,What the Western front looked liked a year after the war ended (1919). 100 years ago,,https://i.redd.it/tmr3ywsl60l31.jpg,1567788511.0,1205,0.99,48,CasualUK,The_Kid_1999
d0j6eq,Dear old Mum delivered my birthday present in this relic.,,https://i.redd.it/effth1l660l31.jpg,1567788352.0,7812,0.98,210,CasualUK,NineFeetUnderground
d0ixem,Casual Leeds,,https://i.redd.it/szxwcmjq20l31.jpg,1567787207.0,169,0.97,11,CasualUK,Foxyfoxesfoxing
d0ijhf,Dear BBC2...,"I was on my way home after my shift and found the songs on BBC2 surprisingly good, they played until the end, and nobody was singing over them! Turns out, Craig Charles is sitting in for Steve Wright - I must have been living under a rock the last 2 weeks. Dear BBC, could you please get rid of W@!&amp;*r Wright, and have Craig as a permanent replacement?",https://www.reddit.com/r/CasualUK/comments/d0ijhf/dear_bbc2/,1567785407.0,158,0.94,60,CasualUK,daughter_alice
d0hx1l,"Ah St Pancras International, the shining bastion of international train travel from the UK.",,https://i.redd.it/snmoc09xozk31.jpg,1567782552.0,141,0.96,12,CasualUK,DavetheDocument
d0hitr,"People who cut cake this, SMH. Absolute animals.",,https://i.redd.it/k1cuvemkjzk31.jpg,1567780748.0,140,0.96,27,CasualUK,RB9k
d0h9no,"I'm in a ""traditional British pub"" in Tokyo. Here's the food menu.",[deleted],https://i.redd.it/wk3gngttfzk31.jpg,1567779491.0,1980,0.99,286,CasualUK,[deleted]
d0fqsn,They aren't even pretending this is cheese any more...,,https://i.redd.it/uhm6g2t0syk31.jpg,1567771483.0,335,0.98,65,CasualUK,afrosia
d0euol,Britain's roughest looking betting shops - part 2,,https://imgur.com/gallery/A1CY7iN,1567765889.0,193,0.99,53,CasualUK,Jeff-Stelling
d0e3sn,"Pub quiz last night and the team of young lads on the next table left this behind, it lives on!",,https://i.redd.it/54botx04vxk31.jpg,1567760449.0,185,0.96,27,CasualUK,idlewildgirl
d0dwv1,And yours too!,,https://i.redd.it/mdqiqv4jqxk31.jpg,1567758889.0,179,0.97,13,CasualUK,TwistedMel0ns
d0dhq6,"Stars crossed lovers of llanddwyn Island, Newborough",,https://i.redd.it/x314nsvegxk31.jpg,1567755495.0,153,0.99,4,CasualUK,Woyoyboy
d0df34,bf almost turned to toast last night.,[deleted],https://i.redd.it/d0tdlnxtexk31.jpg,1567754941.0,88,0.96,19,CasualUK,[deleted]
d0d9wq,Why is hospital toast always so perfect? How do they do it?? God bless the NHS.,,https://imgur.com/GOewdWU,1567753871.0,1052,0.97,194,CasualUK,Doofbags
d0d71y,Shop assistant is clearly not afraid of speaking their mind,,https://i.redd.it/vz3fv3m0axk31.jpg,1567753323.0,699,0.99,21,CasualUK,force4remorse
d0cqvm,Throw a dart at a map they said. It‚Äôll be FUN they said.,,https://i.redd.it/3k1ftq3a0xk31.jpg,1567750046.0,21360,0.95,962,CasualUK,naveregnide
d0bkd4,"Good morning, Britain. This Yankee college student made you breakfast from the far side across the pond. Hope y'all enjoy! üòä üá∫üá∏ ü¶Ö",[deleted],https://i.redd.it/q5ikh53acwk31.jpg,1567742408.0,129,0.79,99,CasualUK,[deleted]
d0875s,"You know you can buy that fancy 50/50 bread? Well, it seems I got 90/10 bread",[deleted],https://i.imgur.com/BKruJPd.jpg,1567724209.0,921,0.99,52,CasualUK,[deleted]
d079h4,Keep an eye out.,,https://i.redd.it/zto922vghuk31.jpg,1567719506.0,464,0.98,24,CasualUK,nufconetwothree
d06yed,Old Billy Burn.,,https://i.imgur.com/6G0d0pX.png,1567718070.0,139,0.91,29,CasualUK,[deleted]
d06m82,Southampton City Council protecting us from vicious leaves.,,https://i.redd.it/m9itggcs8uk31.jpg,1567716589.0,138,0.99,9,CasualUK,xxKateLBxx
d05t0c,Pub has an interesting collection of artefacts and a sense of humour,,https://i.redd.it/ssar5ze1ytk31.jpg,1567712974.0,99,0.97,9,CasualUK,Denaltro
d05rut,Sainsbury's sure are proud of their nut mix,,https://i.redd.it/y1rjxjblxtk31.jpg,1567712822.0,672,0.98,39,CasualUK,wise_joe
d05lun,Aisles at Asda are concerning,,https://i.redd.it/ol1a29acvtk31.jpg,1567712067.0,292,0.99,26,CasualUK,lemonoflove
d05lfw,Went to a toilet on site today. Pleasantly surprised this is a thing.,[deleted],https://i.redd.it/r6le2hr3vtk31.jpg,1567712013.0,109,0.97,12,CasualUK,[deleted]
d04psf,Makes you wonder what is littered around this coast of ours. I found a shipwreck.,,https://i.redd.it/6rtp7ckjjtk31.jpg,1567708131.0,87,0.93,13,CasualUK,hhrc-1
d044mz,Found a British foods section just (300m) north of The Bronx. Where are you hiding?,,https://i.redd.it/s3ce513nbtk31.jpg,1567705504.0,119,0.94,126,CasualUK,anarchyusa
d03tme,Breaking news,,https://i.redd.it/oylsecrr7tk31.jpg,1567704138.0,11696,0.95,507,CasualUK,ktj1997
d03i9i,This poor person‚Äôs been waiting ages!,,https://i.redd.it/tepoik2j3tk31.jpg,1567702743.0,67,0.96,8,CasualUK,iainbrux
d02ycc,The Shetland council using a fullproof method to block access to an area completely,[deleted],https://i.imgur.com/kIP59q8.jpg,1567700306.0,140,0.86,20,CasualUK,[deleted]
d00rsd,Seems a bit steep.,,https://i.redd.it/h76yhar61sk31.jpg,1567689821.0,154,0.98,18,CasualUK,whosgotyourbelly42
d00gcn,My front window winter display to cheer passers by up.,,https://v.redd.it/62spaiv8wrk31,1567688166.0,137,0.93,21,CasualUK,blueblue1228
d000sv,Went from 'what kind of scumbag randomly ditches a goat?' to 'what kind of comedy genius ties a fake goat to a post?',,https://i.redd.it/szukwn26prk31.jpg,1567685778.0,457,0.99,22,CasualUK,sassatha
czzyr8,My Son's Old Teacher Was A Card...,,https://i.redd.it/ivhynsl7ork31.jpg,1567685452.0,79,0.95,16,CasualUK,UnrulyHousewife
czz909,Fag desk is a must visit...,,https://i.redd.it/rotmjtebbrk31.jpg,1567681128.0,70,0.93,10,CasualUK,hellolizzieburger
czz5oh,What kind of animal just leaves the best bit like that,,https://imgur.com/odHnRjp.jpg,1567680524.0,152,0.98,12,CasualUK,kadkadkad
czyxjt,Horsing around,,https://i.redd.it/ua8amrsv4rk31.jpg,1567678952.0,127,0.95,16,CasualUK,punter1414
czygn9,Well... that's that problem solved then,,https://i.redd.it/btjb8fluuqk31.jpg,1567675592.0,33153,0.97,373,CasualUK,andrewrmoore
czxyle,A Texan friend visited recently. Had her first ever steak and ale pie and loved it (obviously). Apparently you can't get them anywhere at all there and she'd never heard of a meat based pie. Potential business idea? Can't be arsed personally.,[deleted],https://www.reddit.com/r/CasualUK/comments/czxyle/a_texan_friend_visited_recently_had_her_first/,1567671687.0,83,0.93,73,CasualUK,[deleted]
czxu7a,Queue for an office microwave at lunchtime,,https://i.redd.it/o7m7lupbgqk31.jpg,1567670693.0,567,0.98,72,CasualUK,KazzyJJ
czxtnx,This won‚Äôt end well.,,https://i.imgur.com/cqVMbEu.jpg,1567670577.0,1313,0.99,64,CasualUK,PCSFoote
czxsax,This Starbucks in Birmingham can fuck right off,[deleted],https://i.redd.it/91l9nmk0fqk31.jpg,1567670254.0,2874,0.98,225,CasualUK,[deleted]
czxr5o,‚ÄòLegend‚Äô dad on holiday flies delayed EasyJet flight to Spain after original pilot 'missing',,https://www.itv.com/news/2019-09-04/legend-dad-on-holiday-flies-delayed-easyjet-flight-to-spain-after-original-pilot-missing,1567670002.0,68,0.94,25,CasualUK,NEWSBOT3
czxoud,Practicing for my Life in the UK test later today. Wish me luck!,,https://i.redd.it/u9ulqmarcqk31.jpg,1567669496.0,541,0.99,255,CasualUK,Monskimoo
czwggk,"Distressing news this week. Get well soon, Brian!",,https://i.redd.it/76147mlgmpk31.jpg,1567660658.0,108,0.96,10,CasualUK,BellaKaterina84
czs2f0,Not sure if weird floor tiles or weird cheese,,https://i.redd.it/owuc84ti6nk31.jpg,1567637018.0,113,0.99,10,CasualUK,Dazed_And_MoreBooze
czq537,I turned 29 today and still avoid walking over these like the plague.,,https://i.redd.it/tbs5gmwzxmk31.jpg,1567628214.0,150,0.94,58,CasualUK,wilof
czq377,A very honest slogan for Southampton,,https://imgur.com/LYdlP6X,1567627968.0,291,0.99,23,CasualUK,Cunt_Puffin
czppx9,"Dinner, is served",,https://i.imgur.com/DALCfir.jpg,1567626064.0,133,0.91,23,CasualUK,pacey494
czplyl,GREAT BRITISH ‚ÄòINNUENDO BINGO‚Äô BAKE OFF!,,https://i.redd.it/c1bxm2hupmk31.jpg,1567625468.0,532,0.98,14,CasualUK,beastofthesoutheast
czp7bu,You can make a lot with Spam and Egg.,[deleted],https://imgur.com/KJU8nIA,1567623661.0,473,0.99,40,CasualUK,[deleted]
czp2q8,She asked for it,,https://i.redd.it/v44q9khrimk31.jpg,1567623089.0,32008,0.94,217,CasualUK,Lucidq
czp18m,Found in a local pub,,https://i.redd.it/j7d6k6c8imk31.jpg,1567622910.0,248,0.97,26,CasualUK,Apple_Juicers
czoe27,Discovered this ancient artefact on my walk home this evening.,,https://i.redd.it/8lco4v7k9mk31.jpg,1567620006.0,318,0.98,36,CasualUK,mgb16
cznjhu,"Not every day you see a Harris‚Äôs Hawk Butcher a rabbit in your garden, then look at you like you‚Äôre next. ü¶Ö",,https://i.redd.it/0ng78767ylk31.jpg,1567616171.0,170,0.98,30,CasualUK,playroomsessions
czltqm,"""earth | gaia"" artwork at peterborough cathedral",,https://i.imgur.com/OOrSbGq.jpg,1567608305.0,118,0.97,19,CasualUK,ablufia
czl385,"The beautiful English countryside, when you catch it on a good day! (Barrow Wake, Cotswolds)",,https://i.redd.it/rt0nq8s90lk31.jpg,1567604763.0,186,0.99,1,CasualUK,Hiresh23
czkztk,"Avon Gorge, Bristol",,https://i.redd.it/l9cbm91rykk31.jpg,1567604291.0,65,0.97,13,CasualUK,[deleted]
czkk46,"Couple of weeks ago, we were ordered to draw a dinosaur. Proof copy of my new book came today. The actions of mods can have terrible consequences for the world.",[deleted],https://i.redd.it/4722nrtcskk31.jpg,1567602109.0,85,0.92,25,CasualUK,[deleted]
czkf3k,"Looks like we hit 400,000 Tea Drinkers! - Go on r/CasualUK",,https://www.reddit.com/r/CasualUK/comments/czkf3k/looks_like_we_hit_400000_tea_drinkers_go_on/,1567601360.0,103,0.93,76,CasualUK,TKD_NERD
czjj2o,The Cheeky Girls: how we made Cheeky Song (Touch My Bum),,https://www.theguardian.com/culture/2019/sep/03/cheeky-girls-how-we-made-cheeky-song-touch-my-bum,1567596308.0,70,0.89,56,CasualUK,jptoc
czjiyt,Shopper opened a tin of Heinz Baked Beanz to find it full of sauce with just one bean inside,,https://www.dailymail.co.uk/news/article-7426491/Local-councillor-flabbergasted-opening-tin-Heinz-Baked-Beanz.html,1567596289.0,78,0.89,25,CasualUK,toomah28
czjhf4,Anyone remember the power you held over your siblings between 3:30 and 6:00 when you had been off school sick and got to see the lunchtime edition of Neighbours?,,https://i.imgur.com/XqJNUJx.png,1567596036.0,122,0.94,17,CasualUK,Boobglow
czif8o,Saw a fox casually walking down the street looking in gardens this morning,,https://i.redd.it/x68l8ddcojk31.jpg,1567588643.0,581,0.98,63,CasualUK,Dragonballfan156
czhpqu,"I mean, they're not wrong",,https://i.imgur.com/NbORIhA.jpg,1567583027.0,154,0.93,14,CasualUK,boonzeet
czhhmh,Skid Marks Driving School.. only in the UK!,,https://i.redd.it/cbhc1jfk2jk31.jpg,1567581330.0,329,0.98,16,CasualUK,BeatySwallocks
czh7an,Gregg's: learning from the Romans,,https://i.redd.it/c3lf59hiwik31.png,1567579283.0,8593,0.98,436,CasualUK,BellaKaterina84
czgo12,Our kitchen assistant was sacked yesterday. His parting shot cuts right to my core!,,https://i.redd.it/ssme4s36lik31.jpg,1567575468.0,265,0.98,19,CasualUK,FFFFrankReynolds
czbo77,The Andrex puppies visited us in the office today,"http://imgur.com/gallery/ZdR0cMD

Working retail can be shit and stressful, but days like today... Look at that face! This is Alice and she was the most recent star of the Andrex TV ads and I wanted to steal her",https://www.reddit.com/r/CasualUK/comments/czbo77/the_andrex_puppies_visited_us_in_the_office_today/,1567548435.0,60,0.96,7,CasualUK,queenieofrandom
czb5dc,Anyone else spot this guy ride his bike into the fountain on BBC news?,,https://v.redd.it/9y8sbk7k5gk31,1567546031.0,59,0.98,8,CasualUK,adamneigeroc
czb4iz,"Has Bluetooth gone too far? Yes, I fear it has...",,https://i.imgur.com/PvAVtGR.jpg,1567545923.0,97,0.98,29,CasualUK,loudribs
cz9own,My wife found this in a magazine from our local God Botherers - poor pigs,,https://i.imgur.com/96bCssz.jpg,1567539474.0,114,0.98,30,CasualUK,Candidevilkid
cz9gr0,Went to Yorkshire this weekend. It's got much prettier since they kicked Sauron out.,,https://i.redd.it/x53bx4h4jfk31.jpg,1567538461.0,79,0.98,1,CasualUK,drseanus
cz9aab,Found the black berry bush on my way home!,,https://i.redd.it/mn4gjwhpgfk31.jpg,1567537651.0,170,1.0,31,CasualUK,matthewsaaan
cz94rn,"Reminder that there is currently free fruit all over the place and if you don't pick it, it'll just drop on the floor and go to waste! Here's some plums I picked this morning.",,https://i.redd.it/lnqqwshnefk31.jpg,1567536960.0,75,1.0,17,CasualUK,PM_ME_CAT_TOES
cz9432,Winding the new guy up,,https://v.redd.it/wy0cme011fk31,1567536877.0,177,0.98,19,CasualUK,richh00
cz8lyx,Only in the UK..!,[deleted],https://i.redd.it/fflfbvis7fk31.jpg,1567534648.0,860,0.99,33,CasualUK,[deleted]
cz8kir,Didn‚Äôt think it was possible after seeing it on Reddit but my sister actually hit a fork in the road today!,,https://i.redd.it/jkzdh9z57fk31.jpg,1567534446.0,363,1.0,30,CasualUK,uk_trainwreck
cz8hqe,What took you so long? Sorry... just stopped off to write another chapter of my latest novel.,,https://i.redd.it/1vyhblb36fk31.jpg,1567534085.0,72,0.96,8,CasualUK,atomicsiren
cz89y6,With this sort of entertainment why wouldn‚Äôt you pay ¬£90 a month,,https://i.redd.it/howc71n93fk31.jpg,1567533127.0,30230,0.97,333,CasualUK,kiddsky
cz7yba,I've noticed a significant improvement in Virgin trains' ticket inspectors,,https://i.redd.it/gav4kryvyek31.jpg,1567531656.0,457,0.98,18,CasualUK,cybot2001
cz6heq,New Kraken Rum London Bus,[deleted],https://i.redd.it/smmmtvtwsdk31.jpg,1567524993.0,458,0.97,26,CasualUK,[deleted]
cz53t8,Welcome to Essex.,,https://i.redd.it/36psi5xovdk31.jpg,1567518473.0,174,0.97,16,CasualUK,-starchy-
cz4yyl,Just taking a walk up Snowdon lads,,https://i.redd.it/0o1o78bktdk31.jpg,1567517767.0,77,0.96,5,CasualUK,RoscoeMG
cz4wxs,And this ladies and gents is why you should purge your social media account. (Taken from BBC news article about a British guy who became famous in Malaysia),,https://i.redd.it/fkluapprsdk31.jpg,1567517489.0,98,0.93,15,CasualUK,RandemMandem
cz4r3n,Fruity polos! Thought these were discontinued!,,https://i.redd.it/fz65rkh5qdk31.jpg,1567516619.0,239,0.98,52,CasualUK,joeciocci
cz48bi,I can't see this being as popular as that film where he was a hitman.,,https://i.redd.it/d69pcurfhdk31.jpg,1567513867.0,89,0.95,9,CasualUK,panicky_in_the_uk
cz42sb,Morrison‚Äôs have really crossed a line here,,https://i.redd.it/s7j0araffdk31.jpg,1567513003.0,184,0.97,22,CasualUK,whatintthedevils
cz35go,BBC using waxworks of the royal couple?,,https://i.redd.it/y6972iipyck31.jpg,1567507379.0,149,0.99,10,CasualUK,tayls67
cz2nc9,Heard footsteps downstairs late last night. Found this big boy.,[deleted],https://i.redd.it/z7i4ni7cock31.jpg,1567503894.0,86,0.88,56,CasualUK,[deleted]
cz2ke5,Nothing much happens in my town but when a new M&amp;S food hall opens and promises the first 200 customers vouchers its queued out.,,https://i.redd.it/ef5mkw1omck31.jpg,1567503331.0,164,0.99,28,CasualUK,IwantaWeasel
cz2jtu,Had a portrait made of my dog smoking a pipe. Just because...,,https://i.redd.it/6n966osbmck31.jpg,1567503222.0,201,0.97,16,CasualUK,English_Joe
cz2cbd,Has there been a better moment of British history than when Barry from Eastenders sung 'Something Inside So Strong' at the World Bowls Championships?,,https://www.youtube.com/watch?v=lr7WChCUAXI,1567501673.0,141,0.97,32,CasualUK,FuckingPope
cz0vr6,My step daughter really loves me.,,https://i.redd.it/syuqxocskbk31.jpg,1567490593.0,12805,0.95,89,CasualUK,Waninglite
cz0g9n,"Good morning, r/CasualUK!",,https://i.redd.it/o7tni0eybbk31.jpg,1567487622.0,167,0.98,9,CasualUK,Kuhneel
cz0fsc,Only 3 days into September and the house seems overwhelmed by big spiders,"3rd day running I‚Äôve had to remove what could only be described as a small pony with 8 legs. In my old house we were protected by a ring of tube spiders.  It was a handy arrangement, they didn‚Äôt come in and in turn got to eat anything that tried to.  

Now though, we don‚Äôt have that.  They don‚Äôt live here and being a new build there‚Äôs all manner of ways in due to movement etc.  

This morning I was letting the dog out of his crate when a spider bro made his appearance.  The hound didn‚Äôt want to know so I had deploy a pint glass to trap it.  I‚Äôm pretty sure it made cut throat gestures as I carried it to the garden. I did take a pic, but decided people really don‚Äôt want to see that when they open their screen.

Does anything actually work to repel then? Or do I just need to suck it up until they die off?",https://www.reddit.com/r/CasualUK/comments/cz0fsc/only_3_days_into_september_and_the_house_seems/,1567487547.0,69,0.96,73,CasualUK,Ciderized
cyunpe,I‚Äôm both amazed and creeped out.,,https://v.redd.it/nhijkgw6o7k31,1567456637.0,61,0.92,19,CasualUK,LastQuarter
cyulbk,"William III‚Äôs Toilet c.1670 @ State Apartments, Hampton Court Palace.",[deleted],https://i.redd.it/ffyihyqzq8k31.jpg,1567456359.0,116,0.97,34,CasualUK,[deleted]
cyu9fy,Don't skid on a kid,,https://i.imgur.com/EudkI6t.jpg,1567454882.0,125,0.98,11,CasualUK,Damn_sun
cyu2sq,"This, this is future",[deleted],https://i.redd.it/79l2b5c9h7k31.jpg,1567454074.0,122,0.95,29,CasualUK,[deleted]
cyszyd,Don't park on slipways people!,[deleted],https://i.redd.it/mr0d4qu268k31.jpg,1567449326.0,62,0.94,26,CasualUK,[deleted]
cys73g,Sainsburys trying to give their 2% Beer that Craft-Lager look.,,https://i.redd.it/yz578infv7k31.jpg,1567445838.0,114,0.98,38,CasualUK,dead_c0de
cyr5b9,I hate these things,,https://i.redd.it/hxoh96sbi7k31.jpg,1567441336.0,106,0.97,14,CasualUK,Khalid147
cyqs4s,Those bloody learner drivers,,https://imgur.com/rMgoQ48.jpg,1567439718.0,147,0.98,9,CasualUK,SirButteryToast
cyqohq,Of course this is in the UK..,,https://i.redd.it/jbfi7o1ld6k31.gif,1567439265.0,132,0.93,20,CasualUK,Sabiilean
cyqoh4,"Spotted on Facebook: pet sketches, ¬£25",,https://i.redd.it/49cat6v3c7k31.jpg,1567439264.0,301,0.96,34,CasualUK,sonicandfffan
cyq974,My neighbours took their back fence down recently and it appears these cows have taken full advantage of the open plan garden,[deleted],https://i.redd.it/z82y9ikb67k31.jpg,1567437344.0,920,1.0,33,CasualUK,[deleted]
cyoe4l,What's the sewing kit doing in the cupboard?!,,https://i.redd.it/p2lun4shd6k31.jpg,1567427606.0,230,0.95,14,CasualUK,wgbe
cyo9ib,My mate was in Bude with his family so I recommended him a tourist attraction. Seems he didn‚Äôt Google it first.,,https://i.redd.it/2lmli967b6k31.jpg,1567426831.0,32869,0.96,658,CasualUK,klausbatb
cynyfv,Nighttime shot of a trolley during migration from the plains of the tesco carpark to the canal watering hole.,,https://i.redd.it/r795hofe56k31.jpg,1567424882.0,277,0.99,25,CasualUK,augtism
cynwxj,"Morrisons ""mixed"" salad.",,https://i.imgur.com/1DmdDl0.jpg,1567424590.0,199,0.98,29,CasualUK,I_have_opinions
cynu8i,Someone had a disaster the shop is literally a minute from here,,https://i.redd.it/zvmoyxc036k31.jpg,1567424084.0,54,0.94,6,CasualUK,claireinmanchester
cynhcu,It's a shame they don't come in pairs,,https://i.redd.it/gftr496mv5k31.jpg,1567421627.0,174,0.99,12,CasualUK,Dull_Macaw
cymsnw,Looks like my cat has prepared his own breakfast.,,https://i.redd.it/v17t1acyg5k31.jpg,1567416660.0,1924,0.98,45,CasualUK,ian1865
cymolg,"Fare well to summer, and onwards to the cold and wet. I hope all you fine fellows made the most of yours",,https://i.redd.it/xo5aspd9e5k31.jpg,1567415770.0,103,0.98,23,CasualUK,DM_Duggernaut
cymax0,Saw a lorry carrying some phone boxes whilst walking to work,,https://i.redd.it/abl986db55k31.jpg,1567412748.0,101,0.98,20,CasualUK,LapisMurdock
cyluz5,When your wife tells you to wear gloves when you dye her hair but you know better.,,https://i.redd.it/w02diy83v4k31.jpg,1567409309.0,342,0.97,27,CasualUK,koowalos
cylng3,Introducing the cause of the Southeastern train delays yesterday!,,https://i.redd.it/xtax8boiq4k31.jpg,1567407770.0,255,0.98,23,CasualUK,The-Fragmonger
cyl7ui,I wonder if this is a sign as to how my week is going to go?,[deleted],https://i.redd.it/xcpu0ikbh4k31.jpg,1567404682.0,250,0.99,47,CasualUK,[deleted]
cyhl1q,Cardiff Castle.,,https://i.imgur.com/S4kkBpG.jpg,1567382670.0,70,0.97,4,CasualUK,honeynero
cyfrix,Of course it‚Äôs in Tescos.,,https://i.redd.it/dvzgporxu1k31.jpg,1567372936.0,14477,0.96,648,CasualUK,Cheesestrings89
cyfrak,"I miss teletext... it was like internet from a pound shop, but boy was it good.",,https://www.reddit.com/r/CasualUK/comments/cyfrak/i_miss_teletext_it_was_like_internet_from_a_pound/,1567372902.0,115,0.97,41,CasualUK,kiddsky
cyeued,My egg man is getting busssyyyy,,https://i.redd.it/nmnttj8fh1k31.jpg,1567368394.0,244,0.98,25,CasualUK,_mcewb_
cyein9,Ello Ello Ello! .... Not seen it here but soz if a repost,,https://i.redd.it/7o22bjnxc1k31.jpg,1567366881.0,391,0.96,23,CasualUK,JollyMatlot
cydqyp,Anyone else in their 20s still eating this once a week?,,https://imgur.com/Rf9XzZZ,1567363258.0,1216,0.96,213,CasualUK,six_four
cydon1,It's that time of the year again.,,https://i.redd.it/b86j8ge611k31.jpg,1567362951.0,69,0.96,9,CasualUK,tonychang
cydcu4,Classic DPD leaving my package in a ‚Äúsafe place‚Äù,,https://i.redd.it/qllgdevow0k31.jpg,1567361419.0,92,0.99,22,CasualUK,RandyBobandy093
cyd5y0,Me as a non-teacher sympathising with my teacher friends who are back at work tomorrow,[deleted],https://i.redd.it/arcxbj30u0k31.jpg,1567360514.0,4099,0.98,163,CasualUK,[deleted]
cyd4tw,"What a great initiative! - Found in London, England",,https://i.redd.it/t7u57kgjt0k31.jpg,1567360372.0,93,0.89,20,CasualUK,WackoWizard217
cyd402,The best way to eat crumble,,https://i.redd.it/uvpblzq8t0k31.jpg,1567360262.0,502,0.95,69,CasualUK,PseudonymousSoul
cycpyu,Did the Yorkshire Three Peaks on Saturday. Stunning views.,,https://i.redd.it/7cvzmp0vn0k31.jpg,1567358449.0,77,0.96,11,CasualUK,Phanta5mag0ria
cycgmx,"It's that time of year again, breaking in my new shoes ready for work tomorrow. Literally back to school üò≠",,https://i.redd.it/68dzvqr4k0k31.jpg,1567357277.0,120,0.89,33,CasualUK,90s_nihilist
cycdgu,Not found in the UK but you can be away from home and see something that directly relates to you and your area. The person on the left lived 2 minutes from me and this was found at the Canadian War Memorial in France. Happy to delete if needed.,,https://i.redd.it/ahs9amk2j0k31.jpg,1567356841.0,302,0.97,13,CasualUK,Exemplar1968
cycbry,The rise of the Yorkshire‚Äôs.....probably the best viewing on a Sunday,,https://i.redd.it/chu3byobi0k31.jpg,1567356624.0,138,0.96,32,CasualUK,K_O_K13
cyc11i,Made a pound coin into a keyring for trollies,,https://imgur.com/eHeAWGs,1567355200.0,83,0.93,25,CasualUK,nathanmcc1
cy9r05,Just a picture of the Welsh countryside for you all.,,https://i.imgur.com/yWXaSNZ.jpg,1567343403.0,134,0.99,3,CasualUK,thecomment-guy
cy9qze,The Lake District is so beautiful!,,https://imgur.com/V1Z4IlK,1567343399.0,260,0.99,9,CasualUK,brusheswithdarkness
cy9mcu,So so proud of myself. Got sent shopping for the first time in ages by myself. Came back to be greeted by ‚Äòhow much did you spend?‚Äô. ¬£30.,,https://i.redd.it/tcvw9hryczj31.jpg,1567342681.0,61,0.87,14,CasualUK,Exemplar1968
cy9h50,Don't think they're getting out the house today,,https://i.redd.it/dlil4uj7azj31.jpg,1567341767.0,218,0.99,33,CasualUK,nullmethod
cy92ec,Anyone ‚Äòbean‚Äô to the Heinz Bean Museum in Covent Garden yet?,,https://i.redd.it/ywoi6dw22zj31.jpg,1567339018.0,183,0.97,22,CasualUK,limegreenbunny
cy8frw,"In a world gone mad, these guys have a hug and chill the fuck out",,https://i.imgur.com/vlcDHeM.jpg,1567334183.0,152,0.97,33,CasualUK,fruitbowl99
cy89j7,"Friend's 94yo mum has been off her feed, so we went round and made pasties (mum's recipe, Ambrosia for scale)",,https://i.redd.it/fkcb4a7mjyj31.jpg,1567332814.0,238,0.99,43,CasualUK,BellaKaterina84
cy7vem,Joke time: A motorway is having a drink in a pub.,"In comes a Dual Carriageway.  ‚ÄúYou‚Äù, says the motorway, ‚Äúthis is my pub, get out‚Äù. With that the dual carriageway leaves with his tail between his legs.

Shortly afterwards, an A Road comes into the pub. Again the motorway points and says ‚ÄúHere, you, piss off out of my pub‚Äù. The A road looks scared and rushes out.

A little while later, a little weedy road comes in, all skinny and pink. The motorway says nothing. His mate, who‚Äôs been watching all this, pokes the motorway, and says, ‚ÄúWhat‚Äôs going on? Are you not going to tell this guy where to go?‚Äù.  ‚ÄúAre you kidding?‚Äù replies the motorway, ‚ÄúThat guy‚Äôs a Cycle Path‚Äù.



Edit: Thank you for silver, kind stranger!",https://www.reddit.com/r/CasualUK/comments/cy7vem/joke_time_a_motorway_is_having_a_drink_in_a_pub/,1567329503.0,759,0.97,32,CasualUK,Jigidibooboo
cy7p38,After many years I returned to the place where I was abducted.,,https://i.redd.it/2gv5wcxk5yj31.jpg,1567328092.0,13536,0.96,160,CasualUK,[deleted]
cy7j4j,"Visit Perranporth last week, scrambled over the dunes and was given an amazing sunset view.",,https://imgur.com/idySnjl.jpg,1567326627.0,73,0.96,13,CasualUK,featurenotabug
cy797l,Look at the size of this Lidl broccoli,,https://i.imgur.com/UdospEl.jpg,1567324258.0,280,0.94,34,CasualUK,jll986
cy77rz,One in the wilderness,,https://i.redd.it/mhyh0sa2txj31.jpg,1567323919.0,250,0.97,20,CasualUK,pachinkorobot
cy6lfu,"Haven‚Äôt been to the Natural History or Science Museum in Years. Decided to do it yesterday lads, Wasn‚Äôt disappointed.",,https://i.redd.it/wyjrxwg1exj31.jpg,1567318827.0,2761,0.98,77,CasualUK,Akira1996
cy53oa,Fantastic place. 3shires,,https://i.redd.it/fv43lh7bjwj31.jpg,1567308532.0,139,0.99,6,CasualUK,polishedwindow
cy505q,"This humbug was perfectly fractured when unwrapped, allowing a rare glimpse inside this British delicacy",,https://i.imgur.com/Dol6rdh.jpg,1567307897.0,119,0.97,4,CasualUK,istara
cy0w2k,"I've just found out my partner's grandfather sets his alarm to 4am every morning to get up to eat a kiwi fruit, then goes back to bed. Anyone got any other interesting tales of British eccentricity?","On another note, my great aunt went to the south of France last year and was told to install an app to check for reports of jellyfish. Over a year later and back in the UK, she still checks the app daily and let's people know if it's a good or bad day for jellyfish.",https://www.reddit.com/r/CasualUK/comments/cy0w2k/ive_just_found_out_my_partners_grandfather_sets/,1567285493.0,196,0.99,49,CasualUK,[deleted]
cy0rtl,Wife has spent over a tenner trying to win this fiver out of a slot machine,,https://i.redd.it/sk8xxs69luj31.jpg,1567284946.0,87,0.98,38,CasualUK,custardy_cream
cxzoo8,Saw these bad bois yesterday,,https://i.redd.it/7c2a1cgu5uj31.jpg,1567279750.0,97,0.94,18,CasualUK,twatticus_finch
cxzcp2,Welsh weather in one picture,,https://i.redd.it/cpax2xxc1uj31.jpg,1567278244.0,140,0.99,3,CasualUK,agaagatka
cxyzrv,"When Stretch Armstrong‚Äôs pants wear off, but not completely.",,https://i.redd.it/yf6dct3kwtj31.jpg,1567276635.0,103,0.94,10,CasualUK,sweary_artist
cxyrsw,Questionable legality,,https://i.redd.it/jg6jr3khttj31.jpg,1567275627.0,122,0.99,22,CasualUK,fappul
cxyq87,There was an interesting passenger at the Yorkshire Steam Fair today...,,https://i.redd.it/2mqimnmsstj31.jpg,1567275440.0,55,0.97,16,CasualUK,President-Nulagi
cxylek,"Only my second time camping, think I picked a good spot",,https://i.redd.it/woov9xy7rtj31.jpg,1567274832.0,83,0.98,12,CasualUK,nosniborgalaxy-
cxxpp9,Need an Office Outlet around Derby? Tough.,[deleted],https://i.imgur.com/7314v90.jpg,1567270623.0,365,1.0,13,CasualUK,[deleted]
cxx2fg,"Ah yes, the six countries of the UK...",[deleted],https://i.redd.it/63gxx7aa3tj31.jpg,1567266782.0,442,1.0,27,CasualUK,[deleted]
cxwfrj,The TV in the seat in front of me on a British Airways plane literally fell out of the hole onto the person's lap,,https://i.redd.it/x3n1xjxyrsj31.jpg,1567262982.0,173,0.95,38,CasualUK,sebastiandoe5
cxvdke,I tried to introduce VAR to my scrabble game and everyone hated it,,https://i.redd.it/4sggyka31sj31.jpg,1567253962.0,67,0.91,26,CasualUK,[deleted]
cxutap,"In July, I had my British citizenship approved. Some kind redditors gilded me and asked for a follow up photo. I can proudly say that (as of Wednesday), I am now a full-fledged Brit! :D (sorry the certificate is a mirror image)",,https://i.redd.it/3xi5862lprj31.jpg,1567250087.0,2332,0.95,382,CasualUK,x0_Kiss0fDeath
cxuqtk,These two cats at Homebase,,https://i.redd.it/eka838q3orj31.jpg,1567249570.0,287,0.99,19,CasualUK,flickrfrog
cxuf29,Tis the season,,https://i.imgur.com/RXEjzHB.jpg,1567246969.0,88,0.93,105,CasualUK,bybycorleone
cxud98,Hate to break it to you.,,https://v.redd.it/prcarco2frj31,1567246540.0,180,0.95,10,CasualUK,Shuffle-Tee
cxu7wd,Absolute British lad,,https://i.redd.it/3ljqghtgbrj31.jpg,1567245322.0,64,0.83,25,CasualUK,Pompompurinpom
cxttw4,"Waiting in A&amp;E on a Friday night. A man loudly complains about having waited for a ""WHOLE FUCKING HOUR"". I've never seen an entire waiting room lose their shit laughing like that.",Injury was 10 hours. Illness was 7.,https://www.reddit.com/r/CasualUK/comments/cxttw4/waiting_in_ae_on_a_friday_night_a_man_loudly/,1567242154.0,6406,0.97,455,CasualUK,animalcrossing_mayor
cxtipn,Just p-p-picked up an 8 pack of penguins. Disappointed that there‚Äôs no joke on the back,,https://i.redd.it/255vzzl8uqj31.jpg,1567239536.0,188,0.91,23,CasualUK,dutchsuperbus
cxta5a,Classic British Breakfast,,https://i.redd.it/hjpgv0uhoqj31.jpg,1567237604.0,86,0.82,20,CasualUK,pineappledipshit
cxsg9q,The plaque on our hotel door in Preston.,,https://i.redd.it/lhwrwa4c5qj31.jpg,1567231154.0,262,0.99,16,CasualUK,MrBozzie
cxsfuc,"The other day I joined in with a strangers song, and it made my week.","So I was in the middle of your classic 'everything's going wrong' day and waiting for a bus when from the other side of the fence I hear; 'it's a little bit funnyyyy.'


Almost without thinking, like snatching my hand away from heat I just had to......... 
'This feeling insiiiideee.'



I hear him chuckle heartedly, then my bus turns up. Never saw him, just heard him. What a country.",https://www.reddit.com/r/CasualUK/comments/cxsfuc/the_other_day_i_joined_in_with_a_strangers_song/,1567231066.0,127,0.97,11,CasualUK,samw424
cxnvop,A tale of working in HMV...,,https://i.redd.it/f6xb3b38wnj31.jpg,1567203876.0,178,0.99,20,CasualUK,FastestMopAlive
cxnmcd,"I miss Woolworths, here is the website from 2005 for some nostalgia.",,https://i.redd.it/rjp2pv7dsnj31.jpg,1567202577.0,84,0.93,27,CasualUK,DeadYen
cxn64c,"Flew in over London this evening, pretty spectacular view",,https://i.redd.it/s8su6ajqlnj31.jpg,1567200361.0,7744,0.98,157,CasualUK,BritishBroncos
cxll4u,An optimistic Jehovah's Witness rings a doorbell.,"""Can I come in and tell you about God's good news?""

""I've got two words for you, mate,  and the second one is 'off'""

""Is the first one 'shoes'?""",https://www.reddit.com/r/CasualUK/comments/cxll4u/an_optimistic_jehovahs_witness_rings_a_doorbell/,1567192955.0,166,0.95,15,CasualUK,sutaburosu
cxliay,This should be a federal offense! Groovy Georgians??,,https://i.redd.it/1kj6t22pymj31.jpg,1567192603.0,88,0.88,41,CasualUK,just-JV
cxlcah,"Overheard in Harry Potter studios, UK","Person A: ""Uncle Brian would probably be feeling quite claustrophobic right now if he was here.""

Person B: ""Oh really? Why's that?""

Person A: ""Because he's claustrophobic...""",https://www.reddit.com/r/CasualUK/comments/cxlcah/overheard_in_harry_potter_studios_uk/,1567191835.0,111,0.95,3,CasualUK,dazzlejay
cxlaj0,So close...,,https://i.redd.it/25bwvrprvmj31.jpg,1567191615.0,64,0.92,19,CasualUK,Werdcon
cxl4ov,"Romanian wifey just casually gave a precious gift to these kids, a truly glorious cringe memory to treasure forever",,https://i.redd.it/jv68qr3ktmj31.png,1567190870.0,125,0.95,32,CasualUK,Robot-esus
cxke6o,The UK from above,,https://i.redd.it/bfn9fwdjjmj31.jpg,1567187500.0,198,0.94,25,CasualUK,oneandonlyjames
cxjtnr,"As any self respecting 30 something year old lady would, I spent the morning building a sandcastle. Bonus surrounding village with cobbled streets.",,https://i.redd.it/s4pcj71ybmj31.jpg,1567184949.0,439,0.98,16,CasualUK,gertrudgoat
cxj99y,"Drives me mad this, been like it for ages.",,https://i.redd.it/147i1rtd4mj31.jpg,1567182407.0,61,0.95,14,CasualUK,thebean84
cxixte,DPD Sent my mum a cookie,[deleted],https://i.redd.it/ppcy2d840mj31.jpg,1567180988.0,137,0.97,32,CasualUK,[deleted]
cxiwk4,My mum pulled out the big guns for my daughter's birthday this year,,https://i.redd.it/szuqvtlpzlj31.jpg,1567180836.0,166,0.99,19,CasualUK,mtincou
cxijd1,Aldi launches Jaffa Cake scented candle for just ¬£2.79,,https://www.dailystar.co.uk/real-life/aldi-launches-jaffa-cake-scented-19041938,1567179189.0,77,0.96,20,CasualUK,Outrageous_Election
cxi4iz,Know the difference.,,https://i.redd.it/dg1ra48dplj31.jpg,1567177351.0,1757,0.98,89,CasualUK,Shuffle-Tee
cxi0x5,Yummy,,https://i.redd.it/rch95c4ynlj31.png,1567176878.0,325,0.96,22,CasualUK,Outrageous_Election
cxhtq9,A British legend. That guy from all the things.,,https://i.redd.it/f115w217llj31.jpg,1567175950.0,252,0.96,68,CasualUK,jt372
cxh340,Anyone want either or both of these tickets for this weekend? A pal dropped out and I don't want them to go to waste.,,https://i.redd.it/adoykiwialj31.jpg,1567172432.0,72,0.97,17,CasualUK,freeticket_throwaway
cxgyta,"Started my collection of a bag of bags in the boot, and got a tesco's clubcard. Have I now started my life as an adult?",,https://www.reddit.com/r/CasualUK/comments/cxgyta/started_my_collection_of_a_bag_of_bags_in_the/,1567171877.0,58,0.93,13,CasualUK,lewilaptoper-
cxgrp4,I always get my phones from 'The Cpon roe',,https://i.redd.it/3tgstc236lj31.jpg,1567170892.0,56,0.97,4,CasualUK,[deleted]
cxgdrs,Just saw the new aircraft carrier leaving Portsmouth!,,https://imgur.com/1MjrcI6,1567168898.0,298,0.98,73,CasualUK,Ydrahs
cxg0gi,Vegetarian restaurant in London which opened in 1879.,[deleted],https://i.redd.it/tkt6hehcagj31.jpg,1567166877.0,102,0.98,53,CasualUK,[deleted]
cxfmg9,Passed these guys while walking the dog. Felt judged.,[deleted],https://i.redd.it/60288hs9nkj31.jpg,1567164549.0,486,0.99,24,CasualUK,[deleted]
cxf557,Found this guy in my house when I came home from work. Luring it out with Coco Pops didn't work. So I had to put on the oven gloves and herd it out.,,https://i.redd.it/ylrbnqoaekj31.jpg,1567161526.0,80,1.0,18,CasualUK,LeFuzzyOtter
cxepmh,"I collected data from over 5,000 UK pubs. This is what I found.",,https://i.redd.it/kr72n1vc5kj31.png,1567158580.0,21563,0.95,443,CasualUK,itsamberleafable
cxe5ce,"A masterclass in saving your seat, paper and remainder of your pint in Spoons.",,https://imgur.com/ZwEzRoY,1567154338.0,139,0.97,24,CasualUK,EekumBookum
cxe1fn,London gentrification is getting out of hand...,,https://i.redd.it/g26uz3laqjj31.jpg,1567153511.0,1031,0.99,55,CasualUK,BlackShuckChuck
cxdv4r,"Just had this posted in my door, WTF lol",,https://i.redd.it/0h7skf3dmjj31.jpg,1567152129.0,2035,0.99,259,CasualUK,davinci2mb
cxdugu,"Old Pub Quiz: Never before posted and I found the time to give it a fresh coat of paint. It has Bible stories, Chinese special territories, and Tanks. Answers in the comments, all welcome! New material to begin next week and then every two weeks from there.",,https://imgur.com/a/eviEovT,1567151984.0,72,0.96,41,CasualUK,Kerigorrical
cxdpmf,Don‚Äôt you talk to me or my son ever again,,https://i.redd.it/0hdelzstijj31.jpg,1567150938.0,307,0.96,12,CasualUK,upgradesdmw
cxdm95,It's good to see that Boaty is almost finished,,https://i.redd.it/cioemn9lgjj31.jpg,1567150193.0,208,0.99,20,CasualUK,Lyscart
cxd50v,Clean your mucus up!,[deleted],https://i.redd.it/zpuoo8r66jj31.jpg,1567146689.0,65,0.9,15,CasualUK,[deleted]
cx8ifj,"Bath city, it's just too beautiful. Even with plasic chairs on the roof and a tonne of gull shit. It's an incredible city.",,https://i.redd.it/le9o3ih0zgj31.jpg,1567120062.0,62,0.92,13,CasualUK,spacehopper47
cx6o7m,A cute nighttime visitor,,https://i.redd.it/b50jvz33agj31.jpg,1567111695.0,96,0.99,19,CasualUK,absw
cx66m4,"After spending all afternoon worrying that I lost my passport, not being able to find it anywhere, I even traced back my steps exactly to town center, nothing. As I'm pacing around about to complete the cancellation form, I found it.",,https://i.redd.it/m2ss001k3gj31.jpg,1567109484.0,127,0.97,19,CasualUK,hikingbeginner
cx5mbr,Some workplaces have inspirational quotes on the walls. Others...snot.,,https://i.redd.it/frk46f14wfj31.jpg,1567106981.0,88,0.94,11,CasualUK,Scales777
cx5be6,"Can anybody help me find another of this blanket, it‚Äôs from John Lewis. I‚Äôm an autistic teen in the UK and this blanket is my fave but it‚Äôs falling apart and seems to be discontinued. Figured you people might be able to help.",,https://i.redd.it/7mjk2pkxrfj31.jpg,1567105599.0,216,0.92,56,CasualUK,potato_pineapple52
cx57mm,Another day in scotland,,https://i.redd.it/esu13i8hqfj31.jpg,1567105112.0,122,0.97,10,CasualUK,Jandsy
cx4r2o,"I may not be able to say the word, but I can at least tell people I‚Äôve finally been there!",,https://i.redd.it/15vdj04dkfj31.jpg,1567103029.0,580,0.99,62,CasualUK,martianTeletubby
cx4io4,Upgrading my veg patch with a DIY irrigation system.,,https://v.redd.it/6ucp2foxgfj31,1567101969.0,269,0.98,23,CasualUK,SgtSnuggles19
cx4ic3,When marks and Spencer‚Äôs run out of ordinary size Colin‚Äôs,,https://i.redd.it/n6rewoc3hfj31.jpg,1567101929.0,1027,0.98,32,CasualUK,jayhoy-hoy
cx3ess,"Hi guys. This probably doesn‚Äôt belong here but I want to do all I can. A friend of mine took his life on August 11th, 4 days after his bike was stolen. His bike meant everything to him and helped with his depression. We would love to find it to honour our friend. Taken from Coventry, UK. Thank you",[deleted],https://i.redd.it/y189f3pa2fj31.jpg,1567096953.0,195,0.93,21,CasualUK,[deleted]
cx2izm,The Spoons Labyrinth,,https://v.redd.it/kxzj1ozspej31,1567092932.0,1169,0.98,113,CasualUK,404Us3rnam3NotFound
cx2ce7,"Burst water main in the village, fortunately the workmen put up this helpful signage at the affected junction...",,https://i.redd.it/tduh89bqnej31.jpg,1567092053.0,253,1.0,9,CasualUK,waytogoandruinit
cx1r42,You have to love Camden market wit.,,https://i.redd.it/rtjvg02efej31.jpg,1567089306.0,79,0.94,8,CasualUK,FranktheMug
cx1doe,The 2 is just an upside down 5,,https://i.redd.it/vi4qwnp4aej31.png,1567087520.0,115,0.98,24,CasualUK,MellotronSymphony
cx184a,"Was sorting out some bits to go to a charity shop, and found these fossils inside an old bag. Apparently it used to be money?",,https://i.redd.it/8rg7knn08ej31.jpg,1567086771.0,181,0.97,58,CasualUK,TheDemonPanda
cx14np,When they want the welsh to branch out from sheep! (Spotted in Swansea),,https://i.redd.it/n86f0e9l6ej31.jpg,1567086290.0,116,0.91,30,CasualUK,Heresy1666
cx1393,Just in case you didn‚Äôt see the first one,,https://i.redd.it/vsyqk8a06ej31.jpg,1567086096.0,135,0.98,12,CasualUK,anorthernguy
cx0c1z,Sand art in the front. Cock in the back. Welcome to Devon,,https://i.redd.it/m1ifcy1oudj31.jpg,1567082287.0,136,0.99,7,CasualUK,louifresh1
cx09zx,Just received this from my mum!! Anyone else‚Äôs parents like to stock pile food from last century in their cupboards?,,https://i.redd.it/bdn2lphttdj31.jpg,1567081994.0,90,0.97,14,CasualUK,smell1s
cx03ux,When you come from Greece and have a thirst for knowledge,,https://i.redd.it/5svs9ni3rdj31.jpg,1567081079.0,161,0.96,26,CasualUK,EnochChell
cwzvab,Didnt last long - boring brigade wins,,https://imgur.com/MqiuiBB,1567079757.0,762,0.99,53,CasualUK,lmw195
cwzmb9,25th anniversary of definitely maybe I know what I‚Äôm having for tea...,,https://i.redd.it/4p9frmkvidj31.jpg,1567078320.0,68,0.95,12,CasualUK,[deleted]
cwzcy6,Just before leaving U.K. airspace the other night.. it may have been grey on the ground but I can say with certainty; The sky over the U.K. was still pretty!,,https://i.redd.it/dhagrg97edj31.jpg,1567076743.0,66,0.96,3,CasualUK,BobsPizzas
cwz3ns,"At work they accidentally left some Royal Doulton Glasses in the stock room 14 years ago, found yesterday and manager give them to me. They're ¬£100 for 4",,https://i.redd.it/wv8sx3269dj31.jpg,1567075055.0,156,0.97,30,CasualUK,AntiSocialMackerel
cwz0d1,Birmingham airport staff must be having a laugh sending this out first on the carousel,,https://i.redd.it/agjgbk1a7dj31.jpg,1567074415.0,310,0.99,14,CasualUK,elena1583
cwypdi,"Currently travelling on southern rail, otherwise known as",,https://i.redd.it/l4ruw7t81dj31.jpg,1567072384.0,85,0.96,11,CasualUK,heilhanson
cwyiis,Thought this belongs here,,https://i.redd.it/j2tggoe4xcj31.jpg,1567070997.0,2277,0.99,111,CasualUK,DDaaaNN
cwy8ge,A Lidl supermarket in Swansea has been given a one star food hygiene rating,,https://www.walesonline.co.uk/whats-on/food-drink-news/lidl-supermarket-swansea-been-given-16826532,1567068960.0,55,0.97,38,CasualUK,tyw7
cwxvis,The best bit about eating out as a kid,,https://i.imgur.com/RMh3reV.jpg,1567066139.0,215,0.97,31,CasualUK,gunark75
cwxlch,Is there some kind of underground network for the elderly that I'm unaware of? How do all old people know each other? Is something I'll find out in 4 or 5 decades? Someone give me answers,,https://www.reddit.com/r/CasualUK/comments/cwxlch/is_there_some_kind_of_underground_network_for_the/,1567063976.0,64,0.93,29,CasualUK,jt372
cwxicv,I know I need to lose a bit of weight but delaying my train like this is a bit harsh,,https://imgur.com/saHHFlw,1567063372.0,34488,0.97,718,CasualUK,ExtraPockets
cwxgx7,It‚Äôs about to get a bit busy here,,https://i.redd.it/s8focf5m9cj31.jpg,1567063093.0,240,0.97,20,CasualUK,WSchultz
cwx6j7,"PPI Deadline tonight, how are you celebrating this glorious occasion?",Deadline tonight at 23:59,https://www.reddit.com/r/CasualUK/comments/cwx6j7/ppi_deadline_tonight_how_are_you_celebrating_this/,1567061028.0,78,0.98,47,CasualUK,My_left_stroke_just_
cws4wb,We've been finding discarded McFlurrys in the cubicle bin at work,[deleted],https://i.imgur.com/mztlTVA.png,1567032179.0,142,0.98,23,CasualUK,[deleted]
cwqawa,Someone summoning the trolley god at our local Tesco! The end is nigh!,,https://i.redd.it/9e3o2vou09j31.jpg,1567023835.0,171,0.96,22,CasualUK,Maddiiie
cwq8ma,Fake Customer Support Facebook,,https://i.redd.it/0eq5a63209j31.jpg,1567023558.0,1491,0.98,52,CasualUK,markjlast83
cwoqzx,"Anyone wondering where Henry has been, he joined MI5 and has been undercover for months",,https://i.redd.it/4qvgc1c7g8j31.jpg,1567016885.0,161,0.98,14,CasualUK,Peter_Vetere
cwobe1,"Looks like a nice house.. wait, is that a BED OF CHIPS?",,https://www.rightmove.co.uk/property-for-sale/property-72379321.html,1567014955.0,126,0.99,34,CasualUK,vbloke
cwo129,This should live here.,,https://i.redd.it/z0ufbjrl08j31.jpg,1567013653.0,151,0.99,22,CasualUK,Sicjok3
cwnv0n,A time lapse of workmen completing a road,,https://i.redd.it/o5lz0wye48j31.jpg,1567012918.0,8829,0.97,212,CasualUK,High-lands
cwn2t2,Does every quality ice cream van have unlicensed Disney characters badly painted on it?,"I've developed a Mr Whippy addiction this summer.  One thing I've noticed is that the best Mr Whippy vans (or whatever they want to call it - soft serve, etc.) are the ones with the dodgiest Disney characters painted on them, clearly without asking Disney for permission to do so.  Today's cone was sourced from one which had Pluto and Mickey literally hand painted on, with a Tigger eating a Mr Whippy.

Does Mr Whippy and Disney copyright infringement go hand in hand?  What's the connection?",https://www.reddit.com/r/CasualUK/comments/cwn2t2/does_every_quality_ice_cream_van_have_unlicensed/,1567009383.0,116,0.98,29,CasualUK,kcocymkcushaey
cwmzfb,Took this at Thurstaston on the Wirral.,,https://i.imgur.com/egAW752.jpg,1567008983.0,80,0.99,6,CasualUK,BoxOfNothing
cwmlst,German tourist agrees to return 19th century organ pipe to York Minster 50 years after his friend stole it during a lads' summer holiday,,https://www.dailymail.co.uk/news/article-7403185/German-tourist-agrees-return-organ-pipe-York-Minster-50-years-friend-stole-it.html,1567007298.0,186,0.97,15,CasualUK,toomah28
cwmjau,Fridge magnet collection of places my mum visited,[deleted],https://i.redd.it/odvmmj2hm7j31.jpg,1567006969.0,60,0.94,17,CasualUK,[deleted]
cwm3wv,Not sure I'd want to send my kids to this school,,https://imgur.com/cIDdQNn.jpg,1567005015.0,236,0.98,13,CasualUK,AdKUMA
cwj0r2,Cats and squirrels,,https://v.redd.it/lzkiq5dvg3j31,1566988839.0,87,0.96,33,CasualUK,a-random-aussie-lad
cwhynb,My wife and I spent our 10 year anniversary in England and loved it! Thanks for being amazing!,,https://i.redd.it/3l70ymymi5j31.jpg,1566981379.0,538,0.95,60,CasualUK,Gnom3try
cwhlog,Very proud of our first courgette of summer. I was holding it entirely differently before the photo and was told to ‚Äòhold it nicely‚Äô.,,https://i.redd.it/7avowtzca5j31.jpg,1566978595.0,1662,0.98,77,CasualUK,allotaleaves
cwhjry,I get that the situation with Bury FC is sad but couldn't help giggle,,https://i.imgur.com/o4nAcxS.jpg,1566978192.0,101,0.95,12,CasualUK,asbhopal1
cwhan0,Bury expelled by English Football League after takeover collapses,,https://www.bbc.co.uk/sport/football/49451896,1566976357.0,62,0.89,24,CasualUK,jptoc
cwh0iu,"Awoken by the light but acute sound of...drumming, like heavy rain on tracing paper. Anyway autumn has arrived and I am stood on the couch.",,https://i.redd.it/x2nwzj7lx4j31.jpg,1566974301.0,80,0.93,58,CasualUK,MrOssuary
cwgie0,Choose your poison,,https://i.redd.it/0holht0ym4j31.jpg,1566970727.0,235,0.98,73,CasualUK,mb7472
cwe1p0,My neighbours have been really noisy all night.,They‚Äôve been slamming doors in and out smoking and being super loud. After 4 hours of tutting to myself. I worked myself into a right frenzy and went out and asked them if they wouldn‚Äôt mind keeping it down as it half 2 in the morning and they instantly said sorry and have been silent and even sent some friends home. What a rush! Only problem is I‚Äôm so pumped up on adrenaline I can‚Äôt sleep due to that now!,https://www.reddit.com/r/CasualUK/comments/cwe1p0/my_neighbours_have_been_really_noisy_all_night/,1566956462.0,118,0.97,30,CasualUK,Wrexhamjona
cw9q6r,Beautiful Bamburgh Castle,,https://i.redd.it/42jk6utcs1j31.jpg,1566936221.0,153,0.99,12,CasualUK,kt6499
cw9flo,Sussex police out for the condiment criminal.,,https://i.redd.it/804podjho1j31.jpg,1566934918.0,108,0.99,47,CasualUK,EmprahsmeewwZz
cw915v,Some poor girl has had an absolute nightmare at Leeds Festival,,https://v.redd.it/kohekvc2j1j31,1566933115.0,181,0.96,39,CasualUK,alcycul
cw85k0,Some great news for your post bank hol slump,,https://i.redd.it/ae2jva4j71j31.jpg,1566929217.0,346,0.99,18,CasualUK,everything-but-the
cw7oz4,Chat nav - a new service,,https://i.redd.it/d207lang11j31.jpg,1566927175.0,3951,0.99,74,CasualUK,Mussa213
cw6zfh,Looked on Google maps for a Tesco near where im camping. This one is about half an hour away and must be one of their oldest stores.,,https://i.redd.it/tf2uafo0s0j31.png,1566924001.0,64,0.96,5,CasualUK,LavaTheif
cw6pzm,"Makes you appreciate just how lucky we are. Wales, Llyn Brianne.",,https://i.redd.it/63hlzcxlo0j31.jpg,1566922860.0,65,0.91,7,CasualUK,paranoid-darksoul
cw65nr,"There are some properly beautiful parts of our isles (Llanrwst, Wales)",,https://i.redd.it/3jld45g7h0j31.jpg,1566920366.0,176,0.96,12,CasualUK,ELE7000PHANT
cw5hok,Just got this from my Dad. Glad he's having a good Tuesday.,,https://v.redd.it/c3iyuq6580j31,1566917383.0,225,0.96,19,CasualUK,DiiGiiTAL
cw40ww,Lad munches a pound of Haribos,,https://i.redd.it/04dqgssdnzi31.jpg,1566910333.0,239,0.93,12,CasualUK,Isaac_God
cw40jb,Nothing out of the ordinary for Wetherspoons,,https://i.redd.it/g3koo3r8nzi31.jpg,1566910286.0,140,0.98,30,CasualUK,MOBEANS93
cw3kx6,First time meeting son's UK girlfriend,"I'm a mom from the U.S. and I need your help.  My son (20) has been long-distance dating a girl from Liverpool (25) for over a year, and I think she's coming to visit us soon.  If she does, it will be my first time meeting her.  If she were from the States,  I would hug her the first time I am introduced to her. But she's Brittish, and I don't want to freak her out.  A handshake seems too formal to me, but is that what she would expect?",https://www.reddit.com/r/CasualUK/comments/cw3kx6/first_time_meeting_sons_uk_girlfriend/,1566907972.0,101,0.92,146,CasualUK,JustMeYanno
cw3jjz,Depends what you get up to in the storeroom!,,https://i.redd.it/wsfkjkgrfzi31.png,1566907771.0,104,0.98,4,CasualUK,Vixichick
cw3h7h,"First time visiting anywhere north of Edinburgh, how have I not been to the highlands before!",,https://i.redd.it/cx166izqezi31.jpg,1566907432.0,110,0.98,20,CasualUK,[deleted]
cw3a18,I'm about to receive a kidney transplant!,"As in, off down to theatre in half an hour. Mum is my donor and they are just finishing off with her.

Please send me and her your good vibes my CasualFamily!",https://www.reddit.com/r/CasualUK/comments/cw3a18/im_about_to_receive_a_kidney_transplant/,1566906333.0,361,0.96,71,CasualUK,ClintonLewinsky
cw35bm,Found some Father Ted merchandise in the pound shop,,https://i.redd.it/lcao0yg79zi31.jpg,1566905593.0,273,0.97,24,CasualUK,cross_the_line_guy
cw2akr,Went running today...,[deleted],https://www.reddit.com/r/CasualUK/comments/cw2akr/went_running_today/,1566900188.0,72,0.94,17,CasualUK,[deleted]
cw20q4,"Love the NI notes, like monopoly money",,https://i.redd.it/4ly1xwmwnyi31.jpg,1566898407.0,119,0.94,40,CasualUK,GucciMonk
cw204d,My mum still has unused Somerfield bags,,https://i.imgur.com/FAJpmVg.jpg,1566898284.0,157,0.99,26,CasualUK,PhreakyByNature
cw1oes,"Giving up smoking today , wish me luck ladies and gents .",[deleted],https://www.reddit.com/r/CasualUK/comments/cw1oes/giving_up_smoking_today_wish_me_luck_ladies_and/,1566895923.0,302,0.96,107,CasualUK,[deleted]
cw197t,I just went to Aldi as soon as it opened and it was utter bliss.,[deleted],https://www.reddit.com/r/CasualUK/comments/cw197t/i_just_went_to_aldi_as_soon_as_it_opened_and_it/,1566892644.0,76,0.91,29,CasualUK,[deleted]
cw11l0,"Top of the Llanberis Path on Snowdon last weekend. ""The perfect way to escape the hustle and bustle of the cities"" thought thousands.",,https://i.redd.it/uosp3vb32yi31.jpg,1566891067.0,299,0.98,40,CasualUK,FlowAndGrain
cw0024,I'd love to see this too,,https://i.imgur.com/HiMVadD.jpg,1566883832.0,37696,0.97,894,CasualUK,FatFreddysCoat
cvx6zj,Mutated Peppa Pig seen roaming the streets of London,,https://i.redd.it/wivpt1px5wi31.jpg,1566868147.0,65,0.98,6,CasualUK,frogs25
cvvad3,"I‚Äôm all for reducing waste, but is it just me, or when you buy a multipack of Quavers it looks and feels like you‚Äôre buying nappies?!",[deleted],https://i.redd.it/ijbmv7q9evi31.jpg,1566858840.0,172,0.97,13,CasualUK,[deleted]
cvuuq6,They don't make adverts like this anymore...,,https://youtu.be/saoCaTlha8Y,1566856810.0,60,0.94,17,CasualUK,Cellar_Door_
cvt5ea,Passed the Life in the UK test first time,[deleted],https://www.reddit.com/r/CasualUK/comments/cvt5ea/passed_the_life_in_the_uk_test_first_time/,1566849233.0,66,0.94,74,CasualUK,[deleted]
cvss6m,Snowdon today,,https://i.redd.it/fpc9acyugui31.jpg,1566847610.0,284,0.98,13,CasualUK,The-D-Maister
cvs94c,When people used to write to newspapers about computer problems.,,https://i.imgur.com/AD6Dd3L.jpg,1566845254.0,523,0.99,32,CasualUK,ablufia
cvqsqh,What a joker,,https://i.imgur.com/SgZaNqO.jpg,1566838803.0,10388,0.97,68,CasualUK,MyDemonsCanSwim
cvqqf4,When parking is scarce... surely this counts as impersonating the police?,,https://i.redd.it/5z6cz7pspti31.jpg,1566838508.0,63,1.0,16,CasualUK,pedec
cvpib4,Do what you love and you'll never work a day in your life,,https://i.redd.it/8whfi25c9ti31.jpg,1566833012.0,62,0.98,8,CasualUK,welk101
cvp1u4,"""Then what is it, mate?""",,https://i.redd.it/gn79kuc53ti31.jpg,1566830889.0,594,0.98,21,CasualUK,Cuthbert_Eggnog
cvp1qq,"Our local villager does a scarecrow competition each year. To celebrate the 50th anniversary of the moon landing, we went with space theme this time. All made from odds and ends lying about.",,https://imgur.com/ZBn5YGB,1566830876.0,654,1.0,26,CasualUK,Dr_Heron
cvow3f,Cheers to a lovely Bank holiday,,https://i.redd.it/eyri4jkr0ti31.jpg,1566830094.0,64,0.9,8,CasualUK,soggenkleber
cvopmb,Some samaritans have started an artificial reef in the docklands,,https://i.redd.it/rwqxosz5ysi31.jpg,1566829212.0,156,1.0,7,CasualUK,Guderian-
cvoff0,This is what I have to put up with.... üôÑ,[deleted],https://i.redd.it/5dah1d4ytsi31.png,1566827793.0,61,0.91,5,CasualUK,[deleted]
cvo6nh,Daddy Pig's crippling alcoholism has torn his family apart,,http://imgur.com/gallery/aKpS9p2,1566826574.0,123,0.99,23,CasualUK,SmoothlegsDeluxe
cvnivm,Anyone checked the Wikipedia page for Angel‚Äôs Delight lately?,,https://i.redd.it/cazkupn1gsi31.jpg,1566823118.0,1165,0.98,88,CasualUK,utero_witch
cvm399,Just a friendly reminder.,,https://i.imgur.com/ZKkE7eQ.jpg,1566814475.0,76,0.99,6,CasualUK,Sam0n
cvlz5v,Good advice.,,https://i.redd.it/8okkbeo1ori31.jpg,1566813704.0,352,0.99,15,CasualUK,kevmaitland
cvlw4w,I've still got the original Tape of my favourite bond film,,https://i.redd.it/ha4bv6kbmri31.jpg,1566813125.0,83,0.91,17,CasualUK,dynarush_3
cvlote,Found the best version of Monopoly,,https://i.redd.it/xmenhjqthri31.jpg,1566811612.0,78,0.86,18,CasualUK,Kaydosh_27272
cvl7qu,Saw these units in the local corner shop,,https://i.imgur.com/oeEI1Dt.jpg,1566807915.0,73,0.94,33,CasualUK,ggmtucker2000
cvl3ip,This was in the bathroom of a pub in Colchester. I still don't understand why.,,https://i.redd.it/0ttr4xn24ri31.jpg,1566806986.0,107,0.97,30,CasualUK,TrashyCure
cvknhz,Spotted in Edinburgh,,https://i.redd.it/vh6pyw31uqi31.jpg,1566803609.0,18233,0.97,286,CasualUK,MeetNiqht
cvkkus,"Walked up Grasmere Common yesterday, what a beautiful valley",,https://i.redd.it/iym3l9xdsqi31.jpg,1566803058.0,325,0.99,33,CasualUK,pistrel
cvjsya,There was a scarecrow festival in a nearby village this weekend and these guys really went all out!,,https://imgur.com/tsBOR1f.jpg,1566797471.0,156,0.99,16,CasualUK,26326312
cvh3oa,My 0140 hours stealth snack just went wrong..,"Wife‚Äôs asleep, I awoke to a craving of a laughing cow or dairylea triangles.. I knew the wife bought some for some convoluted meal. 

Something insane that no married man could fathom.. like cheese triangles on a cracker..

Insanity..

So down I go, using the light on my phone to guide the way like some half arsed orc bane to the chamber of cool beers and Tesco own brand ham slices that have to be gobbled on sight, which of course one is promptly consumed.

After much shuffling through the fridge I discover the treasure that would quench my desire for soft cheese triangles, she did buy laughing cow! There is however only one left.. what did we eat that could use soft cheese?.

I take the last one from the box but I cant unwrap it using one hand so I place my phone atop the microwave with the light shining down and proceed to unwrap the delight beneath it.

My phone then with no regard for its safety leaps forth towards the snack to delve deep within its surface. This in turn strikes the wrapping and contents from my hands downwards onto the floor.

The once edible soft cheese was now sandwiched between the floor and a phone which still had its light shining, straight up at me, taunting me, it would probably laugh at me if it was able.

I am now without, I take another ham slice and close the fridge. I must hunt for the light switch as I have a mess to clean up.

RIP soft cheese, I‚Äôll probably have to go get more tomorrow.",https://www.reddit.com/r/CasualUK/comments/cvh3oa/my_0140_hours_stealth_snack_just_went_wrong/,1566781540.0,89,0.93,14,CasualUK,AncientProduce
cvefi5,Some lovely gifts in Great Yarmouth,,https://i.redd.it/xmtphmo2wni31.jpg,1566768070.0,109,0.99,25,CasualUK,Mojoblackwhite
cvd8kd,Queuing for the reduced aisle at tesco,,https://i.imgur.com/VQOaAPn.jpg,1566762475.0,253,0.98,14,CasualUK,Mossley
cvclnt,"Found this on a beach in North Wales just now, gave us all a laugh.",,https://i.redd.it/qsxcktp07ni31.jpg,1566759547.0,246,0.94,7,CasualUK,FarTooMuchGravy
cvc3ev,Spotted in Tesco Hammersmith,,https://i.redd.it/wt0w95j90ni31.jpg,1566757292.0,11169,0.97,242,CasualUK,A_Sweaty_Pear
cvbl06,You know it's hot when the cat starts melting.,,https://i.redd.it/d16wiq5ftmi31.jpg,1566754974.0,781,0.98,21,CasualUK,seedylfc
cvbjl0,"as promised last week, the actual book the man at my nan's retirement village has written.",,https://i.redd.it/g6hldzlvsmi31.jpg,1566754792.0,168,0.99,18,CasualUK,rw43
cvb4h3,It's Bank Holiday in the UK and I just bought this for myself. I'm 39 yrs old. Send help.,[deleted],https://i.redd.it/rc8xxt24nmi31.jpg,1566752856.0,257,0.97,45,CasualUK,[deleted]
cva9if,I‚Äôm in.,,https://i.redd.it/c0tghzm5bmi31.jpg,1566748842.0,91,1.0,6,CasualUK,DrMaxMonkey
cva63k,They know the rules,[deleted],https://i.imgur.com/YvvenMf.gif,1566748376.0,146,0.98,7,CasualUK,[deleted]
cva4ef,The glorious Lake District in the sun,,https://i.redd.it/4ii4kgc49mi31.jpg,1566748148.0,113,0.99,9,CasualUK,Bannana_blurgh
cv9xag,Found this relic on top of my Grandma‚Äôs fridge - expired May 2002,,https://i.redd.it/knaun0m46mi31.jpg,1566747185.0,729,0.99,62,CasualUK,Fandangojango
cv9v8u,UK - The home of the stripey windbreak,,https://i.redd.it/c213f37f5mi31.jpg,1566746905.0,112,0.99,17,CasualUK,Coxwaan
cv9rra,Watching the Yoghurt sponsored British Athletics Championships when...,,https://i.redd.it/53kaxjjx3mi31.jpg,1566746444.0,275,0.96,4,CasualUK,Jalsavrah
cv9ngw,Friend making homemade mead,,https://imgur.com/dlaLbSI,1566745853.0,137,0.97,35,CasualUK,RibboCG
cv988e,¬£3 for a wee at Notting Hill Carnival,,https://i.redd.it/93sw150wvli31.jpg,1566743700.0,65,0.94,14,CasualUK,larrydavid1987
cv8f54,Edge of the seat drama at the Great Norwich Duck Race,,https://i.redd.it/ku5esqzrili31.jpg,1566739289.0,73,0.97,1,CasualUK,highkingnm
cv8but,"Worlds largest fossilised human poo.. Didn‚Äôt have a banana to hand, but it‚Äôs about 7‚Äù to 8‚Äù long. What a beast.",,https://i.redd.it/7reafyn4hli31.jpg,1566738736.0,85,0.93,27,CasualUK,Bastardjones
cv7ugt,"Went for a walk around Cheddar Gorge in Somerset yesterday - and yes, I did get some cheese.",,https://i.redd.it/v0bl8stb8li31.jpg,1566735780.0,74,0.97,13,CasualUK,SmileyJam
cv7t2l,SHAUN THE SHROGRE,,https://i.redd.it/ei7tdosl7li31.jpg,1566735540.0,430,0.99,18,CasualUK,[deleted]
cv77yw,Like a knighthood revoked? What crime do you have to commit to have your plaque removed from a park bench?,,https://i.redd.it/c3chosmuuki31.jpg,1566731245.0,194,0.99,26,CasualUK,UnsaddledZigadenus
cv738i,Mini rally today at Westwood Ho!,[deleted],https://i.redd.it/niw53c4wrki31.jpg,1566730249.0,131,0.99,16,CasualUK,[deleted]
cv6z0n,Quintessential British break area on a building site,,https://i.redd.it/zlic48w1pki31.jpg,1566729295.0,67,0.97,7,CasualUK,puzzles_irl
cv6vhs,Shoutout to the guys in front of me with a couple pints and a bag of Mini Cheddars - the true way to experience British trains,,https://i.redd.it/eivqfk0lmki31.jpg,1566728472.0,56,0.79,8,CasualUK,osbjamie
cv6pp0,I met a llama today.,,https://i.redd.it/k8yjkhkviki31.jpg,1566727215.0,116,0.95,14,CasualUK,vbloke
cv6l9r,Clearly not watching enough mate,,https://imgur.com/YXlZi8h,1566726218.0,74,0.98,5,CasualUK,killswitch101
cv5mxz,Love finding new places to visit in Britain,,https://imgur.com/uI3QPEm,1566718378.0,12366,0.96,237,CasualUK,Mohawk200x
cv5fo6,We have all been here right?,,https://i.redd.it/stxk4sfxnji31.jpg,1566716806.0,202,0.98,16,CasualUK,[deleted]
cv5dla,Liverpool's George's Dock Building was definitely looking at me through my hotel window,,https://i.redd.it/024f5akpmji31.jpg,1566716400.0,143,0.98,10,CasualUK,darktoof666
cv586e,The crime filled streets of Blackpool.,[deleted],https://i.imgur.com/ksSKN16.jpg,1566715215.0,824,0.99,46,CasualUK,[deleted]
cv4zes,"Formby Beach, yesterday",,https://i.redd.it/2mo40ahddji31.jpg,1566713370.0,88,0.98,16,CasualUK,Zioman
cv1y3m,"This is the road into Aberdyfi today. On the left is a footpath, only you can't see it because of quarter of a mile of inconsiderate twats blocking it.",,https://i.redd.it/0ccto0ojxhi31.jpg,1566695828.0,74,0.96,20,CasualUK,Scrumble71
cv0pb7,Snapped this pic of a few sheep chilling in the bucolic Brecon beacons the other day.,,https://imgur.com/kKzA9HH,1566688935.0,218,0.99,5,CasualUK,Dr_Heron
cuzbyp,Henry the pirate,,https://i.imgur.com/RyHcOMe.jpg,1566681935.0,222,0.99,14,CasualUK,bybycorleone
cuyy6y,American that just ate my first Flake bar. I got it from a British themed shop by my house. I was not prepared to wear half of this thing on my sHirt.,But damn it‚Äôs pretty good!,https://www.reddit.com/r/CasualUK/comments/cuyy6y/american_that_just_ate_my_first_flake_bar_i_got/,1566680032.0,942,0.98,172,CasualUK,shittyTaco
cuym7w,"Hadrian‚Äôs wall, Haltwhistle",,https://i.redd.it/cg8mcx9phgi31.jpg,1566678397.0,111,0.98,10,CasualUK,soph0809
cuyjuq,Went for a cycle ride this evening. Countryside,,https://i.redd.it/msql5btrggi31.jpg,1566678081.0,62,0.92,0,CasualUK,afonja
cuydxw,Sometimes this country is pretty damn good,,https://i.redd.it/jmrcvlxcegi31.jpg,1566677268.0,168,0.97,3,CasualUK,friendlypelican
cuxyd8,Fresh dove at the pub,,https://i.imgur.com/zfGsrKT.jpg,1566675176.0,112,0.99,11,CasualUK,AlpacaChariot
cuxsna,I caused a fight over my parking space in Barmouth today,[deleted],https://www.reddit.com/r/CasualUK/comments/cuxsna/i_caused_a_fight_over_my_parking_space_in/,1566674400.0,182,0.96,36,CasualUK,[deleted]
cuxgxt,Are you immune to Shingles if you're 76 or 77?,,https://i.redd.it/carqmrbb1gi31.jpg,1566672880.0,181,0.99,22,CasualUK,wild_tomatillo
cuvzc1,A nice relaxing (albeit rather warm) few hours in the office earlier...,,https://i.redd.it/9i45hw7jhfi31.jpg,1566666228.0,152,0.97,27,CasualUK,Late_Turn
cuvjo3,"The ""British"" section in my local supermarket makes me sad",,https://i.redd.it/r5omm62lbfi31.jpg,1566664232.0,74,0.88,55,CasualUK,ThisArsehole
cuup32,"""Give us our ball back""",,https://v.redd.it/4qaiwahwgdi31,1566660190.0,158,0.97,11,CasualUK,richh00
cuu7be,"My friends daughter gave me a card at the pub, lovely I thought, then I opened it.",,https://i.redd.it/a6rjmqlasei31.jpg,1566657748.0,9092,0.99,110,CasualUK,millsytime
cutpel,I'd like to see Lineker try to get his hands on these,,https://i.redd.it/4uvvsq19kei31.jpg,1566655100.0,206,0.97,5,CasualUK,stephenlikestoast
cutpcj,"It's taken me all summer, but I finally got a decent shot of a Kingfisher.",,https://i.redd.it/yiohf10fkei31.jpg,1566655091.0,1015,0.99,49,CasualUK,Radwaymm
cus79o,How it feels after eating one Daim bar,,https://i.imgur.com/fdM2djv.jpg,1566645590.0,209,0.98,17,CasualUK,i_mormon_stuff
curzbn,"Morrison‚Äôs, Aberystwyth, Bank Holiday Prepped.",,https://i.redd.it/gh3pkdhdndi31.jpg,1566643985.0,101,0.92,24,CasualUK,FruttyFrutty
cury2o,"Everyone's seen that picture of Durdle Door from the front, here it is from the back",,https://i.redd.it/qrscpfhpldi31.jpg,1566643722.0,168,0.99,15,CasualUK,Brightersid3
curtqv,Train station Tombola haul - train snacks sorted for a ¬£1!,,https://i.redd.it/vi15gshwjdi31.jpg,1566642816.0,79,0.92,28,CasualUK,Memphit
currcg,24th August 2016 I found the 50 shades of grey soundtrack cable tied to a parking sign in the middle of the Scottish Highlands. With the nearest buildings being a distillery over two miles away. It can still be seen on Google Street view today.,,https://i.redd.it/p6w4lp4aidi31.jpg,1566642303.0,306,1.0,22,CasualUK,Nkomo_
curlip,At least he gave it back.,,https://i.redd.it/5m17ky4vedi31.jpg,1566641117.0,76,0.94,5,CasualUK,jennoefur
curgbb,Anyone else miss T4 aka the perfect hangover tely,[deleted],https://i.redd.it/qu4gj13gbdi31.jpg,1566639967.0,63,0.84,36,CasualUK,[deleted]
curf0z,M6 service station toilet door graffiti. Who says educational standards have fallen.,,https://i.redd.it/r21h3xijadi31.jpg,1566639665.0,140,0.97,10,CasualUK,JohnProbe
curamk,I no longer live in the UK. Whenever I go back home I stock up. Britain in a basket.,,https://i.redd.it/65zw0j8m7di31.jpg,1566638682.0,188,0.95,82,CasualUK,ADwarfCalledZeke
cura2h,I met Jordan at the great Dorset stem fair!,,https://i.redd.it/1ilg4ql67di31.jpg,1566638552.0,98,0.95,20,CasualUK,simonb3516
cur7s1,After critiquing many peoples‚Äô breakfast I thought it high time I bit the bullet. Come at me for my lack of tea and anything else!,,https://i.redd.it/1r7zi3zo5di31.jpg,1566638033.0,84,0.89,110,CasualUK,JimmyFromFinance
cuqufs,"First time visiting Wales, I‚Äôm in love with this coastline!",,https://i.redd.it/bv4dur4mwci31.jpg,1566634990.0,175,0.98,22,CasualUK,Planeswalkercrash
cuqj6m,Ladies of /r/CasualUK - lost your arse? Can‚Äôt afford another? The Gap have got you covered!,,https://i.redd.it/q7jh6kgzoci31.jpg,1566632517.0,196,0.93,18,CasualUK,neenoonee
cuqc1a,My Swedish attempt att full English breakfast,,https://imgur.com/1tOwOHd.jpg,1566630955.0,35236,0.91,1555,CasualUK,Olive_truth
cuq4is,Quite a magic view from the train this morning,,https://i.redd.it/54fkuozpfci31.jpg,1566629323.0,1585,0.98,40,CasualUK,ale152
cup3cp,"5am, en route to the Isle of Wight",,https://i.redd.it/tl8w9yfstbi31.jpg,1566621926.0,260,0.99,11,CasualUK,milkystarrgirl
cumn90,"Hi guys, I'm sorry if this is the wrong place to post this but I miss him and any help would be appreciated",,https://i.redd.it/jjezcv1fnai31.jpg,1566607672.0,57,0.86,4,CasualUK,[deleted]
cukqnf,"Went for an Ikea trip, best meal of the week.",[deleted],https://i.redd.it/nafojms0v9i31.jpg,1566598124.0,55,0.84,31,CasualUK,[deleted]
cukdpk,Got a new stamp from Lidl,,https://v.redd.it/xxlnvh80q9i31,1566596439.0,254,0.98,12,CasualUK,NibblesGameOver
cukbks,Found this in a Cotswolds Pub.,,https://i.redd.it/u5l0nsr5p9i31.jpg,1566596155.0,323,0.99,10,CasualUK,wilof
cui136,Good marketing from Birmingham,,https://i.redd.it/mmd1us48u8i31.jpg,1566585749.0,745,0.98,30,CasualUK,welshie123
cuhuou,To me this reads more as aggressive than informative (on a train in the UK),,https://i.redd.it/wb7d2xwrr8i31.jpg,1566584936.0,82,0.93,10,CasualUK,LM285
cuh83j,"10 days ago, my 5 year old had a bit of a trauma involving a seagull. I never expected we‚Äôd actually get it back! I posted this on my local villages Facebook page and I got this reply today! üôåüèª",,https://i.redd.it/kmbnz2xjj8i31.jpg,1566582163.0,328,0.99,17,CasualUK,land--manatee
cugf8g,I swapped my Friday afternoon beer to a healthy smoothie. Never again.,[deleted],https://i.redd.it/k3myvdtw88i31.jpg,1566578580.0,91,0.96,30,CasualUK,[deleted]
cug5uz,I think this is a fear we all have deep down.,[deleted],https://i.redd.it/opi4bxrg58i31.jpg,1566577423.0,7957,0.98,175,CasualUK,[deleted]
cufw44,"This bugger trying to sell me insurance, nearly worked too!",[deleted],https://i.redd.it/qwvdcg2w18i31.jpg,1566576240.0,206,0.97,8,CasualUK,[deleted]
cufpqb,"Not confusing, not at all",,https://i.redd.it/8ld1g8llz7i31.jpg,1566575449.0,57,0.97,10,CasualUK,gdcurl
cufk28,There‚Äôs a guy at Bognor Regis that takes his Iguana on the beach everyday.,,https://i.redd.it/38rsgccfx7i31.jpg,1566574721.0,63,0.95,10,CasualUK,Mojoblackwhite
cuf20v,"Am I a fucking joke to you, Next?",,https://i.redd.it/nqse0aolq7i31.jpg,1566572464.0,800,0.99,39,CasualUK,phoenixgirl2
cuel52,This short exchange beautifully captures the difference between Brits and Americans,,https://streamable.com/tbtzj,1566570229.0,545,0.98,56,CasualUK,Truthamania
cuekpu,5 hour drive to Wales made almost a pleasure thanks to this.,,https://i.redd.it/3t89h66wj7i31.jpg,1566570169.0,62,0.96,15,CasualUK,spLint3r990
cueahe,Can't stop laughing at this,,https://v.redd.it/8vaxl50cw5i31,1566568833.0,183,0.93,12,CasualUK,Greenfoot5
cud4u3,Change from the shop,,https://i.redd.it/gz3dhmyxn2i31.jpg,1566562959.0,141,0.96,21,CasualUK,FrankTheGiantRabbit
cucwp9,Some gorgeous cars in Leeds,,https://imgur.com/vngMBqp,1566561721.0,101,0.95,20,CasualUK,carvott
cubrt8,whats the funniest outcome of language barrier you have ever witnessed?,"This happened years ago, but i still piss myself when i think about it.


My Grandparents had a very friendly Polish family move in next door to them, They would often say a brief Hello over the garden walls.

One afternoon Grandad went out the back to the garages and noticed said familys wheelie bin was still full to the rim. He peeked over the garden wall and began explaining to the Dad that although everyone on the street keeps their bins out the back, On collection day you have to take them round the front to the main road or else they wont get emptied.


*Polish Dad looks at my Grandad with a vacent stare for about 20 seconds, then starts happily nodding and abruptly walks off*


10 minutes later he returns and hands my Grandad a spanner....


He went in his house and pretended to fix something cause he didnt have the heart to tell the poor guy the truth.


As i said, this happened YEARS AGO but my Grandad brings this up alot cause it gives him a good chuckle",https://www.reddit.com/r/CasualUK/comments/cubrt8/whats_the_funniest_outcome_of_language_barrier/,1566554519.0,65,0.98,68,CasualUK,cactusdan94
cubrkc,I don't know what I expected looking at reviews for saucepans...,,https://i.imgur.com/3BXmA10.png,1566554478.0,344,0.99,12,CasualUK,Hypohamish
cubqsd,Toilets!!,"I came from Japan two days ago.

There are many toilets everywhere in Japan.

There are not many toilets in London.

I almost pee myself yesterday.

How can I do pee or poo in emergency?",https://www.reddit.com/r/CasualUK/comments/cubqsd/toilets/,1566554330.0,89,0.94,67,CasualUK,Taka-middle
cubcc3,"Beckhole, Goathland",,https://i.imgur.com/eCnK389.jpg,1566551532.0,97,0.98,7,CasualUK,ajguk
cubbr4,A competitor.,[deleted],https://i.redd.it/volwi91061i31.jpg,1566551422.0,28062,0.96,352,CasualUK,[deleted]
cuazzt,Important service information at Westminster this morning,,https://i.redd.it/sezzr7lus5i31.jpg,1566548965.0,82,0.93,9,CasualUK,elburcho
cuaugb,Classy seaside ash tray at the pub.,,https://i.redd.it/69in3yu5p5i31.jpg,1566547742.0,72,0.94,8,CasualUK,lsie-mkuo
cuap1o,CasualUK does: Taskmaster!,"Good morning! 

In the last week or so we've bandied around the idea of ~~making you all do stupid shit for our entertainment~~ running our very own version of Taskmaster on CasualUK! Now, I can assure you that there's been at least 5 minutes of thought go into this, so please do have a quick read of the below and let us know if it's something that you'd be interested in.

If you've not seen Taskmaster, it's a programme whereby five hapless comedians/celebrities are forced to perform tasks for Greg Davies' amusement. [Here is a playlist of Series 4 tasks to whet your appetite.](https://www.youtube.com/watch?v=62wOFaFLYgQ&amp;list=PLyk_nLKHU9QngEyhYCAR4VTRXlxm_LS-V)

**First things first, our rules**

* No task will force a participant to buy something.

* No task will require a participant to remove their anonymity (no videos/pictures of themselves).


Now, that second rule is quite limiting on the tasks that are going to be feasible, so I have created [**this strawpoll**](https://strawpoll.com/he6wdz43) that I would appreciate you filling out. We will not include tasks that remove anonymity unless there is a majority of 70% or more. Please, no comments on polls and their percentages.

**Some example tasks**

* Show us your most British item (nice and easy, just use Imgur)

* Depict a famous celebrity using only household items

* Eat a whole VW Golf including the tyres

**The Format**

- Week One: The **first task** is given on a Friday (30th August) and then a **Submissions Thread** is posted on Saturday 31st August, giving you 24 hours to prepare. The Submissions Thread will remain active until the following Thursday.

- Week Two: The **second task** will be announced, and week one submissions will be put into a straw poll to be voted on by subscribers. A **Submissions/Results Thread** will then be posted on Saturday for  subscribers to post their entries for Week Two, and for the results of Week One to be made publicly available.

- Week Three: follows the same format as above.

- The Top 10/20 users in the strawpoll results (dependent on entries) will be reverse scored (10 points for finishing top, 9 for second etc.). 

- In order to be in with a shout of winning the yet to be decided/announced prize (along with pride), entrants will have to take part in **at least five** tasks. Entrants and results will be tracked on an Excel sheet.

**Your thoughts**

- Firstly, does this sound like something you would be interested in participating in?

- Secondly, if you have thoughts on tasks/the format, please message us mods and put ""Taskmaster"" in the title of your message.

- [Please do fill out the strawpoll!](https://strawpoll.com/he6wdz43)

Edit: as has been suggested (and I forgot to mention) there will be mod discretion to chuck extra points to the ones we think are best/funniest and arbitrarily deduct points. Because why not? Not constantly though, that would mean theres little point to people going to any effort, but you get the gist.",https://www.reddit.com/r/CasualUK/comments/cuap1o/casualuk_does_taskmaster/,1566546637.0,145,0.97,63,CasualUK,jptoc
cualvh,Okay then..,,https://imgur.com/8V29j5A,1566546019.0,118,0.98,24,CasualUK,Queefofthenight
cuaaaa,Dont wear green to longleat. The man couldn't find our group of 5 cause my nans just a floating head.,,https://i.redd.it/912ksq2cd5i31.jpg,1566543762.0,1109,0.99,30,CasualUK,-Bookins-
cua2b3,How do tall people cope on National Express coaches? There is no leg room! I can't even stick my feet in the aisle as there is a guy having a kip down there.,,https://i.redd.it/fl8zgtyr85i31.jpg,1566542216.0,67,0.93,52,CasualUK,3Ships
cu8u3t,"Found this on the Street, Singaporean here.",,https://i.redd.it/t130mahvk4i31.jpg,1566534178.0,361,0.99,22,CasualUK,Sgt_Pepper3
cu3yj5,Last night I got woken up by heartburn and had to have a rennie to get back to sleep. I‚Äôm 25. It‚Äôs downhill from here,,https://www.reddit.com/r/CasualUK/comments/cu3yj5/last_night_i_got_woken_up_by_heartburn_and_had_to/,1566509260.0,66,0.97,50,CasualUK,Wolard
cu3m6z,I guess they are already preparing...,,https://i.redd.it/ib3uzvp7e2i31.jpg,1566507738.0,72,0.96,8,CasualUK,[deleted]
cu2318,I really hope this catches on.,,https://i.redd.it/1s4dub48u1i31.jpg,1566501075.0,11637,0.97,299,CasualUK,BambooWheels
cu1z79,Taken today by my Brother In Law Sgt Ashley Keates,,https://i.redd.it/e4hq97p5t1i31.jpg,1566500641.0,159,0.94,40,CasualUK,Exemplar1968
cu1obt,Today,,https://i.redd.it/bii212q2p1i31.jpg,1566499319.0,56,0.93,9,CasualUK,[deleted]
cu1fli,Police mistakenly assume man is in fancy dress &amp; his mates find it hilarious,[deleted],https://v.redd.it/qa53sp9yl1i31,1566498266.0,1879,0.99,139,CasualUK,[deleted]
cu0mo4,About sums up British countryside,,https://i.redd.it/m9r30w6ub1i31.jpg,1566494821.0,233,0.98,7,CasualUK,BenKika
cu0m4e,Lovely buffet selection at the Blood Donation session today!,,https://i.redd.it/c5ivcxvnb1i31.jpg,1566494761.0,75,0.94,22,CasualUK,gribbon_the_goose
cu0g8j,"After the horse meat scandal, you'd think Tesco would be more careful about what they meat they use.",,https://i.redd.it/ac0a1xdi91i31.jpg,1566494057.0,276,0.98,26,CasualUK,cykellygter
ctzudr,Got A Squatter :(,,https://i.redd.it/rf9xqnjo11i31.jpg,1566491443.0,66,0.88,74,CasualUK,[deleted]
ctz2sf,This guy wants to meet someone in person to give him a quid for 50p LOL,,https://i.redd.it/qn43pzv9r0i31.png,1566488080.0,116,0.95,17,CasualUK,[deleted]
ctyzbv,"Manchester in the rain, Photo by Simon Buckley",,https://i.redd.it/tsvbhbb5izh31.jpg,1566487632.0,506,0.98,44,CasualUK,[deleted]
ctyz8v,Mum got given a big Toblerone (with banana for scale),,https://i.imgur.com/9UeOeNX_d.jpg?maxwidth=640&amp;shape=thumb&amp;fidelity=medium,1566487620.0,686,0.99,87,CasualUK,Lolzafish
ctxsj8,Spotted my local Swan Response Unit out and about today.,[deleted],https://i.redd.it/41w3h2p6a0i31.jpg,1566482161.0,135,0.98,23,CasualUK,[deleted]
ctxbf3,Gotta love Crewe,,https://i.imgur.com/cIcOwcH.jpg,1566479865.0,145,0.96,12,CasualUK,harhaus
ctx1rq,Might be the worst thing I‚Äôve ever seen,,https://i.redd.it/7r12oidgzzh31.jpg,1566478544.0,758,0.99,33,CasualUK,keenan37
ctx06p,Completely inappropriate outfit seen at ALDI Reading today... can‚Äôt believe somebody would wear socks and sandals like this,,https://i.redd.it/47en38rryzh31.jpg,1566478316.0,737,0.97,59,CasualUK,damian_
ctwy5l,It's festival season you guys.,,https://i.redd.it/46jc9wjwxzh31.jpg,1566478023.0,210,0.98,42,CasualUK,khaggis
ctwjn6,Taste of Paradise,,https://i.redd.it/y5u5cb6jrzh31.jpg,1566475887.0,121,0.96,24,CasualUK,___aao
ctwixc,Sean with the brilliant advice on what to do after ordering a Bucky six pack.,,https://i.redd.it/5awg0it9rzh31.jpg,1566475793.0,109,0.98,0,CasualUK,i-made-this-for-kasb
ctw595,Chieveley services on the M4 attempts to ban alcohol everywhere in the universe.,,https://i.redd.it/4ybfw7d2lzh31.jpg,1566473708.0,1173,0.99,45,CasualUK,aa599
ctvl23,"Got a new job offer, so happy right now.","The job I do now is ridiculously stressful.  80 hour weeks, a pretty toxic work environment, inovation is stifled, crappy management. (I work in Data and Data Management etc, to put it simply).

It's made me very ill over the years I've worked here and put a real strain on my mental health.

Well this morning I got a phone call and I've landed a management position at a new company.  I'm so happy!  (Not that you'd tell by looking at me as I'm having to keep it quite at work still, still haven't told my boss).  

Finally I'll be able to go home and not have to think about work, at least not in the same panic attack inducing way.  Getting a decent payrise and will be in a more senior position, which I've worked so hard for for at least 2 years now.

Beyond ecstatic, finally my life will be a bit calmer while also progressing well in my career.",https://www.reddit.com/r/CasualUK/comments/ctvl23/got_a_new_job_offer_so_happy_right_now/,1566470236.0,125,0.99,44,CasualUK,LittleBertha
ctvkvr,Own of the three last Punch and Judy shows left in the UK this one in Weymouth,[deleted],https://i.redd.it/rmx12tpmazh31.jpg,1566470198.0,129,0.99,26,CasualUK,[deleted]
ctvgje,My local plumber taking the piss,[deleted],https://i.imgur.com/f0XUhI6.jpg,1566469405.0,506,0.99,24,CasualUK,[deleted]
ctvde4,What could be more British in a proposal than a Pun?,,https://i.redd.it/8lbh5jck6zh31.jpg,1566468831.0,63,0.9,18,CasualUK,NerdLevel18
ctvc5y,The ducks in Alton Towers are bold. Bold and happy,,https://i.redd.it/7odad1ov5zh31.jpg,1566468608.0,432,0.99,32,CasualUK,redders83
ctva5j,First day in London?,,https://i.redd.it/11xkyh3t4zh31.jpg,1566468240.0,2404,0.99,153,CasualUK,AllThingsAreReady
ctv10e,What an unfortunately named car seat my colleague had delivered to the office,,https://i.redd.it/0tsiw91qzyh31.png,1566466570.0,131,0.97,31,CasualUK,sammycorgi
ctuxoi,Took my kids to the zoo today... had to keep a real close eye on them when we stopped to eat...,,https://i.redd.it/lmn4ldpwxyh31.jpg,1566465923.0,298,0.99,18,CasualUK,thedudeabides80
ctuu9r,First day back at school took its toll on this little girl,,https://i.redd.it/o7na36bxvyh31.jpg,1566465261.0,79772,0.94,1926,CasualUK,mayallrob_
ctu1x3,Took a glorious picture travelling into London this morning,,https://i.redd.it/boxitwmceyh31.jpg,1566459342.0,374,0.92,27,CasualUK,finspin33
cttxpm,My Morrisons is a different class to your Morrisons,,https://i.redd.it/g1aw1q5qbyh31.jpg,1566458513.0,760,0.98,41,CasualUK,vagbuster
cttnb9,I dropped my clothes on the bathroom floor and the shadow made what looks like an old time man with a neck tie!,,https://i.redd.it/bdjallc06yh31.jpg,1566456538.0,80,0.88,8,CasualUK,slumbermouse12345
cttbrw,One could be forgiven for crying after dropping a whole box of cans on the tracks,[deleted],https://i.imgur.com/CcdrQHT.jpg,1566454269.0,69,0.93,27,CasualUK,[deleted]
ctmwau,Aldi ‚òëÔ∏è‚òëÔ∏è‚òëÔ∏è‚òëÔ∏è‚òëÔ∏è,,https://i.redd.it/0tdzepzn7vh31.jpg,1566420772.0,132,0.93,27,CasualUK,[deleted]
ctmax5,"Found this full English in Bordeaux, France.",,https://i.redd.it/fcxisg2yzuh31.jpg,1566418211.0,359,0.96,89,CasualUK,mgfreema
ctm8at,Saw in my local. Very important message to spread around,,https://i.redd.it/38zzoe15zuh31.jpg,1566417906.0,171,0.98,10,CasualUK,uk_trainwreck
ctlmqc,Best bit from last night's episode of Kathy Burke's all woman üòÇ,,https://v.redd.it/4hy8tr9dquh31,1566415306.0,190,0.95,36,CasualUK,90s_nihilist
ctlebx,I had the most awkward journey of my life today,[deleted],https://www.reddit.com/r/CasualUK/comments/ctlebx/i_had_the_most_awkward_journey_of_my_life_today/,1566414307.0,226,0.98,31,CasualUK,[deleted]
ctkwqi,"My cousin and his American girlfriend came up from London last weekend. She was saying how she's lived in Britain for 2 years now, she's got used to everything and nothing really shocks her any more. A minute later the scrap man arrives blaring ""ANY AULD SCRAP IROOOOOOON!"".","She turns to us ""What. The. Fuck. is that?"" We explained the scrap man to her and she couldn't believe they don't get arrested.",https://www.reddit.com/r/CasualUK/comments/ctkwqi/my_cousin_and_his_american_girlfriend_came_up/,1566412219.0,261,1.0,93,CasualUK,JohnnyDeformed89
ctkpa4,"The Original nightmare fuel - I'm 33 years old and fucking hell, Watership Down is STILL harrowing!",,https://i.redd.it/a2yu6tqbfuh31.jpg,1566411331.0,796,0.99,111,CasualUK,Perigeesus
ctkirk,I‚Äôm wishing for no train delays,[deleted],https://i.redd.it/clmirvaaduh31.jpg,1566410563.0,64,0.95,5,CasualUK,[deleted]
ctkgt8,"English breakfast pizza in Windermere, thought this sub might appreciate it",,https://i.redd.it/tiecuc5lcuh31.jpg,1566410324.0,90,0.87,45,CasualUK,t0by1ken0bi
ctk9gp,Americans‚Äô idea of a ‚ÄúBritish pub‚Äù,,https://i.redd.it/7evzvcyx9uh31.jpg,1566409436.0,2188,0.98,362,CasualUK,dataisok
ctimuj,"Went to go to the loo at the spoons, after an hour of walking, popped out on the other side of the river!",,https://i.redd.it/h70dc0g7pth31.jpg,1566402464.0,200,0.95,18,CasualUK,mwbstevens
cthvh1,Is this a blessing or a curse?,,https://i.redd.it/qm6qdnby5rh31.jpg,1566398803.0,228,0.97,57,CasualUK,myhomiesgoodnight
cthkfw,So I fired a crossbow for the first time on holiday. There we me and an old guy with coke-bottle glasses and a club foot. This was the outcome of the competition at the end of the lesson. The shame of it!,,https://i.redd.it/okau8ey3ath31.jpg,1566397394.0,103,0.97,31,CasualUK,[deleted]
cth8g9,"Was browsing the CD section in my local charity shop, and then I encountered this Woolworths CD.",,https://i.imgur.com/0P78fuy.jpg,1566395873.0,174,0.99,35,CasualUK,[deleted]
ctgrqy,"Bit the bullet and paid for a valet for the first time ever, then my naturally overcrammed Morrisons salad flew out of the bag and the cheese and bacon bits covered the floor 15 mins post valet.",,https://i.redd.it/lk9meixyysh31.jpg,1566393658.0,170,0.96,31,CasualUK,aflashinlifespan
ctg9kw,A new Irish pub in my town where I used to get my eyes tested,,https://i.redd.it/x20zsolgrsh31.jpg,1566391109.0,249,0.96,9,CasualUK,princefiasco
ctg4hi,Went to see the ruins of Dunstanburgh Castle a few week ago,,https://i.redd.it/tyhsqai7psh31.jpg,1566390351.0,72,0.96,7,CasualUK,Cardoba
ctfkru,In Portsmouth and snapped a pic of HMS Victory.,,https://i.redd.it/297qmw34gsh31.jpg,1566387325.0,256,0.96,42,CasualUK,Mojoblackwhite
ctfk85,I think Tesco's lost the plot... Anyone tried these abominations?,,https://i.redd.it/0nrk7f0pfsh31.jpg,1566387244.0,63,0.87,34,CasualUK,PretendHead
ctf0sx,This subreddit is a bad influence,,https://i.redd.it/22eo7q326sh31.jpg,1566383913.0,2721,0.98,115,CasualUK,Soutty
cteiiu,I never realised the UK had so many stone circles. This one is Castlerigg in the Lake District.,,https://i.redd.it/ip1kwd2lvrh31.jpg,1566380480.0,386,0.99,55,CasualUK,hhrc-1
cteguj,My son is upset he hasn‚Äôt been able to change the weather label for weeks.,,https://i.redd.it/akhp2c8uurh31.jpg,1566380140.0,131,0.95,31,CasualUK,English_Joe
ct6k2d,The superhero duo you didnt know we needed until now finally met today in Grimsby,,https://i.redd.it/v2qfk2zx8oh31.jpg,1566336453.0,273,0.96,16,CasualUK,die4codgrimsby
ct6d07,Only in England do birds go to pride when they knock off early on Fridays.,,https://i.redd.it/a6a645ps6oh31.jpg,1566335731.0,131,0.91,28,CasualUK,scottyedwards17
ct5j6b,"Please do let us know if you see a bird with an 8 foot wingspan. Best not to approach him though, he‚Äôs a tad upset still from the buzzard",,https://i.redd.it/j95rt1hpxnh31.jpg,1566332674.0,53,0.95,19,CasualUK,cathleene1987
ct5eqj,The sunrise over work earlier this year.,,https://i.redd.it/3wk9t81ewnh31.jpg,1566332231.0,178,0.98,2,CasualUK,gaznrea
ct4yad,Nothing ages Hot Fuzz more than when they buy 6 pints for less than 20 quid,,https://www.reddit.com/r/CasualUK/comments/ct4yad/nothing_ages_hot_fuzz_more_than_when_they_buy_6/,1566330559.0,93,0.92,34,CasualUK,PM_YOUR_MUGS
ct4poq,"Currently in Edinburgh for work and as I work with a Dutch company I'm currently watching my Dutch colleague slowly lose his shit after his client said hes going on annual leave. I explained in simple terms, every one in the UK gets one year off full pay, hence annual leave. Hes about to cry.",,https://www.reddit.com/r/CasualUK/comments/ct4poq/currently_in_edinburgh_for_work_and_as_i_work/,1566329694.0,9951,0.97,1035,CasualUK,TheSquireOfTheShire
ct4c9l,Pub name depends on the age of the person,"There is a pub in our village that had changed names a few times, you can get a rough guess of the persons age by what they call it.
My old man calls it The Cross (I am over 40 and can't remember this)
I call it Fagins
Kid in the office calls it the Village Arms

Only slightly interesting ü§î",https://www.reddit.com/r/CasualUK/comments/ct4c9l/pub_name_depends_on_the_age_of_the_person/,1566328307.0,65,0.91,20,CasualUK,whitesox1927
ct438q,Holidaying in the UK can be rather nice... Lake Windermere!,,https://i.redd.it/3oizjawxhnh31.jpg,1566327380.0,98,0.95,18,CasualUK,[deleted]
ct4073,When your local curry house is open sauce,,https://i.imgur.com/z74AiPf.jpg,1566327078.0,61,0.88,15,CasualUK,MyPetHamster
ct3vkc,Spotted in the window of a London pub.,,https://i.redd.it/7i1bc77mfnh31.jpg,1566326596.0,546,0.98,17,CasualUK,joecdlu
ct3cu2,Such laissez-faire Farmers near me,,https://i.redd.it/ydt0myzv9nh31.jpg,1566324681.0,259,0.98,7,CasualUK,Flatcapspaintandglue
ct339s,This GM chicken is getting out of hand....,,https://i.redd.it/8kee3j4y6nh31.jpg,1566323677.0,222,0.94,24,CasualUK,dlcious
ct2d8u,Hull Hogan running wild brother!,,https://v.redd.it/3udja384zmh31,1566321052.0,159,0.96,21,CasualUK,MagicEverton
ct214b,"I remember when it was 750'000, never change Tunnock's, never change!",,https://i.redd.it/1b5zjq4gvmh31.jpg,1566319810.0,634,0.98,80,CasualUK,cg010169
ct1cm6,A possibly improvement to Harry Potter,,https://i.redd.it/ar9yxrgznmh31.jpg,1566317298.0,71,0.89,16,CasualUK,ChewyGums
ct0vqv,"Yeah, but... No, but...",[deleted],https://i.redd.it/6b8b2swsimh31.jpg,1566315559.0,120,0.97,19,CasualUK,[deleted]
ct0rc0,"A bear at Bear Wood near Bristol, UK, part of the Wild Place project, in which for the first time in more than 1,000 years native bears and wolves are coming snout to muzzle with each other in a slice of British woodland",,https://i.imgur.com/XJ0ucRf.jpg,1566315101.0,131,0.99,30,CasualUK,NEWSBOT3
ct0lph,‚ÄúYou‚Äôre playing games with your kid‚Äôs lives‚Äù,,https://i.redd.it/ot1eqi9pfmh31.jpg,1566314513.0,607,0.99,23,CasualUK,daniielrp
cszsq6,Good old British strawwillies !,,https://i.redd.it/z5sq24ym6mh31.jpg,1566311472.0,241,0.95,7,CasualUK,[deleted]
csxjte,Spotted in Yorkshire of course,,https://i.redd.it/db4afn1gflh31.jpg,1566302457.0,57,0.83,12,CasualUK,bazjeffo
cswk8u,"As a northerner, this was monumental",,https://i.redd.it/hc12w88l2lh31.jpg,1566298000.0,109,0.91,54,CasualUK,gollopini
csvwwy,This is fascinating,,https://i.redd.it/lenj35qwskh31.jpg,1566294740.0,1235,0.96,304,CasualUK,Rodrik_Stark
csvt82,"My concentrate was filled to the brim when I opened it for the first time. I cant move it without flooding the kitchen. (Sorry for the bad photo, couldn't move it to a better location)",,https://i.redd.it/d5d5cm4brkh31.jpg,1566294205.0,97,0.95,52,CasualUK,MORCANTS
csugwg,Visited Cornwall for the first time as an adult recently. I had forgotten how lovely it is!,,https://i.imgur.com/UJXWSAC.jpg,1566287122.0,273,0.98,20,CasualUK,Skippylu
csu9he,Email bulletin sent around my old village,,https://i.redd.it/o713mewu1kh31.png,1566286155.0,517,0.98,95,CasualUK,kodorf1
csu0i4,'Stop having sex with my hedge': Sheffield man's desperate plea to drunken louts,,https://www.thestar.co.uk/news/stop-having-sex-with-my-hedge-sheffield-mans-desperate-plea-to-drunken-louts-434234?fbclid=IwAR1jLKHTg9MsBqdprDmjYa_lVPzEVzjs-UZY0_e0kmiiMUryVg4ORzlSRa8,1566284918.0,353,0.98,56,CasualUK,StaleCraig
cst4z2,I was messing around with panorama mode while hiking the Mourne Mountains yesterday and managed to get this shot.,[deleted],https://i.imgur.com/QkGfrXm.jpg,1566279515.0,13079,0.96,215,CasualUK,[deleted]
cso274,Northern Rail may suck but the Manchester - Burnley journey is beautiful.,,https://i.redd.it/u33u35o19hh31.jpg,1566251744.0,80,0.98,12,CasualUK,[deleted]
csmeis,The Jury‚Äôs Inn in Derby must have wondered what they did wrong to deserve this delightfully childish piece of digital vandalism...,,https://i.imgur.com/ch3SJwp.jpg,1566244605.0,328,0.98,31,CasualUK,macarouns
csk8mi,David Attenborough,[deleted],https://v.redd.it/gxw9yfhbwfh31,1566235453.0,96,0.95,6,CasualUK,[deleted]
csk2av,The badger statues in our town get anonymously decorated by the so called ‚ÄòBadger Banksy‚Äô every so often.,,https://i.redd.it/ohe67c0eufh31.jpg,1566234703.0,221,1.0,17,CasualUK,zapatos96
csjvws,We went for a curry and ordered a family Naan. It was the size of my actual Nan.,,https://v.redd.it/p4xoyu84sfh31,1566233969.0,1870,0.99,129,CasualUK,king-kongs-finger
csir1c,"I am an atheist, but the art at St Albans cathedral is... divine!",,https://i.redd.it/o7qvwrvsdfh31.jpg,1566229128.0,95,0.91,38,CasualUK,[deleted]
csijxn,Found a choice bramble picking spot behind a local shopping centre. Anyone else on here a free fruit enthusiast? I'll be making a nice big pie tonight with these lads.,,https://i.redd.it/vi5r0hw6bfh31.jpg,1566228251.0,124,0.99,52,CasualUK,void_burglar
csihah,The result of entering a Chinese themed gift shop in Llandudno.,,https://i.redd.it/qayr2mn8afh31.jpg,1566227933.0,69,0.96,18,CasualUK,Wtfislifeanyway
csi71q,In a Hospital In Cornwall - Was here for hours!,,https://i.redd.it/alzfd72d6fh31.jpg,1566226669.0,164,0.99,41,CasualUK,Trvhrt
cshlye,"CasualUK ""Bubble Tea""",,https://i.redd.it/agqmi1d4yeh31.jpg,1566223894.0,126,0.86,32,CasualUK,Quality_Controller
cshaqf,One of the things I love about walking in the British countryside is seeing old farm machinery like this still in use. Almost looks like its smiling.,,https://i.redd.it/x4apeuqiteh31.jpg,1566222389.0,114,0.98,12,CasualUK,hhrc-1
csgqnp,"My parents had their shed burgled and then burnt to the ground recently. They were heartbroken and on the verge of quitting their allotment. Yesterday changed all of that. 1st prize in four categories including onions, potatoes, beetroot and Victoria sponge!",[deleted],https://i.redd.it/1979k0c2leh31.jpg,1566219550.0,583,0.99,48,CasualUK,[deleted]
csgaeu,"Local council with an interesting proposition (Haringey, London)",,https://i.redd.it/pyw8ghksdeh31.jpg,1566217031.0,74,0.97,9,CasualUK,jll986
csfyns,Devils bridge Skipton Yorkshire lovely place to spend a few hours relaxing,,https://i.redd.it/r4y0ck998eh31.jpg,1566215165.0,115,0.96,25,CasualUK,gaznrea
csfla3,Out litterpicking. How times have changed from finding soggy old scud mags in the bushes. Technology eh? NSFW,,https://i.redd.it/6v3kfv5y0eh31.jpg,1566212862.0,207,0.97,53,CasualUK,[deleted]
csfl5a,Sunny Scotland!,[deleted],https://i.redd.it/3rodmjzc1eh31.jpg,1566212836.0,78,0.95,2,CasualUK,[deleted]
csfgn6,WHSmith have 'Happy Cake Day' balloons!,,https://i.redd.it/4ndbssm1zdh31.jpg,1566212057.0,277,0.95,18,CasualUK,idgafjake
csedsw,Yep that's us speaking the Dutch,,https://i.redd.it/j2ugywlqxbh31.jpg,1566204613.0,182,0.91,51,CasualUK,lewilaptoper-
cse2u3,I‚Äôm at Portsmouth to go to the Isle Of Wight and I couldn‚Äôt resist taking a picture of this spiky boi,,https://i.redd.it/sng6bzpv5dh31.jpg,1566202249.0,70,0.89,39,CasualUK,ST-Parks
csd7jv,"Going through the archives, reminded myself of this early morning cruise along the Norfolk Broads from a year ago... so peaceful",,https://v.redd.it/iuualx70nch31,1566195982.0,124,0.98,17,CasualUK,Budgie6587
csbt4g,A welsh door bell,,https://i.redd.it/trct0vxewbh31.jpg,1566186974.0,109,0.95,12,CasualUK,[deleted]
cs8hgw,Peter Capaldi is now the first man to resemble both presenters of The Crystal Maze,,https://imgur.com/vGTQ4KB,1566169074.0,170,0.98,13,CasualUK,homerghost
cs7p5s,The iron at my hotel has head lights. In case you want to iron in the dark I guess,,https://i.redd.it/tns7j8dn3ah31.jpg,1566165181.0,60,0.98,14,CasualUK,Thwip82
cs72wp,The view off the canal boat returning from Llangollen. Lovely.,,https://i.redd.it/77okec12v9h31.jpg,1566162289.0,64,0.95,5,CasualUK,gaznrea
cs6mzg,"Sunday night in the garden. Fire, tunes and booze.",,https://i.imgur.com/vGyKhtA.jpg,1566160229.0,62,0.9,24,CasualUK,ablufia
cs6e52,"[Bug?] Please help, I keep pressing ‚Äúplay‚Äù but nothing‚Äôs happening.",,https://i.redd.it/4nhpu74ll9h31.jpg,1566159104.0,211,0.96,13,CasualUK,Ormond-Is-Here
cs63u3,The fiver behind my phone case makes a portrait for the queen,,https://i.redd.it/lkfaj7jsh9h31.jpg,1566157825.0,183,0.98,9,CasualUK,nitrobullet7710
cs5s04,Who am I to question the animal specialists?,,https://i.redd.it/4fuvjmhhd9h31.jpg,1566156378.0,141,0.99,7,CasualUK,wherepops
cs53jf,Got these from NEXT today for my daughter. To me it was a kitten. To her it was a foot eating monster.,,https://i.redd.it/cnya1dnf49h31.jpg,1566153334.0,2422,0.98,37,CasualUK,Technicholl
cs3xvc,Wife got me 30 beers for my 30th,,https://i.redd.it/pccx1ocgp8h31.jpg,1566148297.0,598,0.97,61,CasualUK,deadshikari
cs3ut7,"a man at my nan's retirement home has written a book of poetry and wrote a little message of thanks to microsoft, so cute.",,https://i.redd.it/mysal2jbo8h31.jpg,1566147915.0,12528,0.97,171,CasualUK,rw43
cs3kml,Probably the most British photo I've ever taken,,https://i.redd.it/ahxskl3mk8h31.jpg,1566146669.0,1431,0.97,81,CasualUK,phild231
cs36qk,Was able to get up close to the ravens at the Tower of London and take this of Merlina.,,https://i.redd.it/j3hzkh1ff8h31.jpg,1566144946.0,200,0.99,12,CasualUK,charlalalalala
cs35ka,My 2-mile scenic walking route around the pretty Nuneaton ringroad and charming adjacent suburbs,,https://i.imgur.com/c0ZF6JK.jpg,1566144787.0,408,0.96,20,CasualUK,InappropriateSurname
cs31mg,"I've stopped peeling the potatoes for chips, and the family are going crazy for my ""skin on fries"" even though I'm just lazy.",,https://i.redd.it/gm4mqm5jd8h31.jpg,1566144291.0,659,0.98,76,CasualUK,teut509
cs2tyd,"So, 2 slices then?",,https://imgur.com/ZVLP1Hq,1566143303.0,325,0.97,26,CasualUK,OnePlayerReady
cs2g3u,"Allotment game is improving, quality haul!",[deleted],https://i.redd.it/8iigg78258h31.jpg,1566141456.0,1261,0.99,59,CasualUK,[deleted]
cs2cm3,"Cycled from London to Essex, roadside warning signage is rather helpful indeed",,https://i.redd.it/86q8dh1p38h31.jpg,1566140991.0,85,0.98,8,CasualUK,wltzzz
cs1rhm,Started the day off right with a nice piping hot cup of beans üëåüèª,[deleted],https://i.redd.it/soxe5hdyu7h31.jpg,1566138041.0,66,0.9,20,CasualUK,[deleted]
cs143y,A real LPT,,https://i.imgur.com/iCCrh59.jpg,1566134501.0,1381,0.98,94,CasualUK,FuzzySwine
cs122i,"We get a lot of countryside photos here, just a reminder that our towns can look great too! Stockton-on-Tees' Infinity Bridge",,https://i.redd.it/ehce66qbj7h31.jpg,1566134200.0,82,0.91,8,CasualUK,Nerdster
cs0shc,Amazon a bit optimistic on their delivery...,,https://imgur.com/EgiL8Pd.jpg,1566132582.0,832,0.99,32,CasualUK,Nodickdikdik
cs0p0s,"Feeling my inner chef today, made some posh chocolate pots, always a success!",[deleted],https://i.redd.it/j10a4f9oc7h31.jpg,1566131917.0,100,0.97,12,CasualUK,[deleted]
cs0kg8,"The Isle of Jura (taken from Port Askaig, Islay, Scotland)",,https://imgur.com/lRp72gN,1566131047.0,60,0.99,5,CasualUK,6PoundsSoft
cs0cpd,Come again?,,https://i.redd.it/un0lbkzx57h31.jpg,1566129627.0,106,0.95,13,CasualUK,big_bad_brundlefly
cs0c9g,Looking at wardrobes in IKEA and found the entrance to Narnia...,[deleted],https://i.redd.it/pbyaapzn57h31.jpg,1566129535.0,395,0.98,18,CasualUK,[deleted]
cs0c6m,Narrowly beaten by the French,,https://i.redd.it/88q3rkcjb2h31.jpg,1566129514.0,49,1.0,20,CasualUK,jiluki
crzzis,Is it just in the UK where it‚Äôs an unwritten rule not to write on the label of a gift bags so your friends and family can re-use them?,,https://i.redd.it/cgrw6gj1y6h31.jpg,1566126973.0,789,0.98,60,CasualUK,j_kirky2019
crzwcs,"Spotted in Rye, East Sussex - lest we forget",,https://i.redd.it/hgouuj6nt6h31.jpg,1566126323.0,376,0.96,22,CasualUK,[deleted]
crzr4e,It‚Äôs a fact of life that a ¬£5 fry up is always better than a ¬£12 fry up.,,https://www.reddit.com/r/CasualUK/comments/crzr4e/its_a_fact_of_life_that_a_5_fry_up_is_always/,1566125249.0,441,0.97,104,CasualUK,prettyflybutnowifi
crzn79,You sit on a throne of lies AccuWeather...,,https://i.redd.it/s2lq2vx5q6h31.jpg,1566124324.0,169,0.95,34,CasualUK,c00k1ez
crzmgt,Queen playing human chess. Will she take the bishop?,,https://i.redd.it/28lt885zn6h31.jpg,1566124143.0,56,0.88,3,CasualUK,KTR665
crz91p,"We have a Brit doing well in a sport we didn‚Äôt know existed - Run, Carter Davies, Run!",,https://v.redd.it/ea4wziyi82h31,1566121231.0,58,0.93,9,CasualUK,RedcarUK
crydna,"Last night around midnight, wife and I exhausted from the kids and general life... Out of nowhere, my wife pulled out a 1x Lie In voucher I gave her for valentine's. Nicely played.","Omg Gold! Thank you kind stranger. It's probably my wife, feeling refreshed!",https://www.reddit.com/r/CasualUK/comments/crydna/last_night_around_midnight_wife_and_i_exhausted/,1566113991.0,279,0.95,28,CasualUK,custardy_cream
crxwxt,Made a Hey Duggee cake for my son's first birthday!,,https://i.imgur.com/a8KZwNi.jpg,1566110276.0,438,0.94,87,CasualUK,JayneLut
crup7v,"My nan pulled this off her bookshelf and presented this to me, not sure whether to be thankful or question all my life decisions.",,http://imgur.com/gallery/tMhxej0,1566090157.0,61,0.9,19,CasualUK,Master_Brown
crtm2y,Props to the guy on the CALM (Campaign Against Living Miserably) helpline who took my call five minutes before they close,[deleted],https://www.reddit.com/r/CasualUK/comments/crtm2y/props_to_the_guy_on_the_calm_campaign_against/,1566084300.0,433,0.97,52,CasualUK,[deleted]
crrxyv,Virgin Media uses the most secure technology ever,,https://i.redd.it/apqdj2r0q2h31.png,1566075929.0,8274,0.99,499,CasualUK,MaXsPoT
crr2n5,TIL that M&amp;S put the farmer's name on their food packaing. Thanks for the strawberry Sean.,,https://i.redd.it/ecj4g76cd2h31.jpg,1566071773.0,344,0.96,32,CasualUK,KoalaTeam
crqtry,British suburban views are underrated,,https://i.redd.it/5agudm8fa2h31.jpg,1566070600.0,104,0.88,6,CasualUK,[deleted]
crqo8l,Does anyone else remember the fancy ice cream that was Gino Ginelli?!,[deleted],https://i.redd.it/t4yemmu982h31.jpg,1566069878.0,117,0.95,71,CasualUK,[deleted]
crqo71,Got short changed at Tescos,,https://imgur.com/Uik2qSD.jpg,1566069871.0,665,1.0,35,CasualUK,Jammeshaw
crqjdx,"I work at a pizza chain in Texas and today found out I could call internationally with Google voice, so I called a few of the same chain in the UK, a small rundown of how it went.","I called one in England, and the man that answered was very kind and answered a few questions I had about their menu. 

I called one in Northern Ireland, and holy hell, that man wanted nothing to do with any of my shenanigans. After a few sentences, he hung up on me, which I understand.
 
I called one in Scotland, and the man was so pleasant and we talked for about a minute, and I kind of wish I could have kept talking to him just for fun. 


I understand it may seem a bit unprofessional to call them while working, but I'm very bored and haven't talked to that many people outside of the US. I think there should be a subreddit for people who would like to talk to other folks from around the world. If we're being honest, who wants to talk to Americans, though. 

Thanks for coming to my Ted Talk. If you want to talk on the phone because you're bored, PM me! Just sitting at work right now bored out of my mind.",https://www.reddit.com/r/CasualUK/comments/crqjdx/i_work_at_a_pizza_chain_in_texas_and_today_found/,1566069255.0,535,0.95,154,CasualUK,The__Grapist
crqify,Well shit. I hope I‚Äôm not on some dash-cam reddit tomorrow,,https://i.redd.it/9byj5ik162h31.jpg,1566069128.0,82,0.96,14,CasualUK,Andyb1000
crpiz3,Not sure who imperial leather are targeting with these,,https://i.imgur.com/oIAjOdd.jpg,1566064625.0,144,0.94,68,CasualUK,UsernameCensored
crp0zc,1903 OXO advert,,https://i.redd.it/23khdkkxl1h31.jpg,1566062484.0,72,1.0,18,CasualUK,Udzu
crobyf,Travelling home by steam power!,,https://i.redd.it/saze3plkc1h31.jpg,1566059222.0,413,0.99,49,CasualUK,Jh5638
croafv,"Well, it is no parking",,https://i.redd.it/p18x1jqzb1h31.jpg,1566059027.0,77,0.95,2,CasualUK,Pebbles015
cro2yj,Found the picture my mum must have pointed to at the barbers when I was 9,,https://i.imgur.com/ddxpEx9.png,1566058063.0,161,0.96,11,CasualUK,mynameisfreddit
crnbva,"I‚Äôm gonna be the very best, like no one ever was.",,https://i.redd.it/39q418nyy0h31.jpg,1566054638.0,51,0.92,13,CasualUK,[deleted]
crn9qs,My neighbour decided to park essentially up my nose because I‚Äôm in the spot outside his house...,,https://i.redd.it/24lvy0nxx0h31.jpg,1566054406.0,71,0.96,49,CasualUK,BreakingGood
crn8yi,This canal boat at Apperley Bridge in Bradford has an old fashioned sweet shop inside!,,https://i.redd.it/sv8udxfgx0h31.jpg,1566054315.0,175,0.99,28,CasualUK,Elmetian
crmfq3,"Only 11.2% of Great Britain‚Äôs electricity at the moment is from fossil fuels. 25.5% is from Solar(yep, in the UK!) and 35% is from wind. Just some impressive and good news I thought I'd post.",,https://i.imgur.com/y92rxbQ.png,1566050165.0,2100,0.99,252,CasualUK,Benandhispets
crly04,"Well, the sign certainly doesn‚Äôt lie.",,https://i.redd.it/croip1aid0h31.jpg,1566047424.0,108,0.98,5,CasualUK,animalant
crlil4,Picked this up by mistake... Why is this even a thing?,,https://i.imgur.com/yCcy61M.jpg,1566044744.0,100,0.96,33,CasualUK,Tycow
crkv24,This sunset in Devon the other day.,,https://i.redd.it/7mj1y2bwrzg31.jpg,1566040161.0,125,0.99,6,CasualUK,Coffeebanana123
crktl8,Good news everyone (well those with Prime),Futurama is now on Amazon prime!,https://www.reddit.com/r/CasualUK/comments/crktl8/good_news_everyone_well_those_with_prime/,1566039868.0,137,0.95,39,CasualUK,Cdh790
crks0b,In case you ever wonder what the ModMail on this sub looks like.,[deleted],https://imgur.com/83xPjFk,1566039555.0,82,0.97,29,CasualUK,[deleted]
crkp1e,John Lewis recognising the polyamory community,,https://i.imgur.com/72ZcFke.jpg,1566038905.0,181,0.98,26,CasualUK,tps-report
crknps,hello new friend,,https://i.redd.it/wlyzuohdnzg31.jpg,1566038635.0,184,0.98,17,CasualUK,vbloke
crkmcd,Got an extremely good deal on ‚Äòleg 2‚Äô,,https://i.redd.it/ea2xoljfmzg31.jpg,1566038317.0,98,0.99,20,CasualUK,Jindabyne1
crk4o6,"Easy poundland, the hen do section is getting a bit spicy",,https://i.redd.it/icd5cantbzg31.jpg,1566034818.0,59,0.93,24,CasualUK,[deleted]
crk403,You can tell a lot about a county by its welcome sign.,[deleted],https://i.redd.it/hml9d5plbzg31.jpg,1566034675.0,285,0.95,44,CasualUK,[deleted]
crk0i2,Remember getting Vinyl with your breakfast?!,[deleted],https://i.redd.it/3cncw9if9zg31.jpg,1566033944.0,100,0.99,21,CasualUK,[deleted]
crjvm1,"Alright lads, time to rehearse the hymn we will be singing this holy Saturday evening.",[deleted],https://v.redd.it/004wguhc6zg31,1566032916.0,348,0.97,20,CasualUK,[deleted]
crjsct,Vegan meat at the local European store.,,https://i.redd.it/k1lqxz6a4zg31.jpg,1566032216.0,108,0.94,9,CasualUK,Frontzie
crjksu,Draw Us A Dinosaur.,[deleted],https://www.reddit.com/r/CasualUK/comments/crjksu/draw_us_a_dinosaur/,1566030509.0,72,0.96,63,CasualUK,[deleted]
crjihz,French is such a beautiful language,,https://i.imgur.com/vYd33EV.jpg,1566029958.0,42271,0.94,952,CasualUK,Jeff-Stelling
crj5az,Excellent tribute to one of the best things to come out of Somerset.,,https://i.redd.it/qtseodiapyg31.jpg,1566027182.0,73,0.97,6,CasualUK,MissL7
crirya,"Had a moment of nostalgia yesterday and bought these. Massive regret, seems they changed the recipe and removed all the flavour.",[deleted],https://i.redd.it/rjrzhz6fhyg31.jpg,1566024527.0,87,0.99,44,CasualUK,[deleted]
cre1kr,Need one of these,,https://i.imgur.com/fcu2CEX.gifv,1565996900.0,58,0.87,8,CasualUK,Squareball789
crde7n,Sainsburys knows their target audience when pricing their pizza...,,https://i.redd.it/uc0hdow1yvg31.jpg,1565993802.0,151,0.95,37,CasualUK,Studog
crd489,Mona on Southsea beach,,https://i.imgur.com/kvLjPWU.jpg,1565992493.0,422,0.99,11,CasualUK,liketo
crcpdf,6th time today.... can‚Äôt get anything done,,https://i.redd.it/w4gfc2ygovg31.jpg,1565990579.0,136,0.98,34,CasualUK,Bret_Riverboat
crccqh,It's been a bit of a strange day...,First I found a hat full of money... Then I got chased down the road by an angry man with a guitar?,https://www.reddit.com/r/CasualUK/comments/crccqh/its_been_a_bit_of_a_strange_day/,1565988941.0,56,0.88,4,CasualUK,grenish23
crbj5u,"Pickering railway station in North Yorkshire, you can catch a steam train from here to Whitby!",,https://i.redd.it/o7ucnnk58vg31.jpg,1565985148.0,89,0.98,20,CasualUK,90s_nihilist
cray8l,I don't know what happened next door but they must have tried everything.,,https://imgur.com/Xz3czAm,1565982495.0,83,0.97,8,CasualUK,ark2010
cravq3,I shouldn‚Äôt have found this as funny as I did.,,https://i.redd.it/8wkmo4ejzug31.jpg,1565982190.0,439,0.92,17,CasualUK,thedudeabides80
cravf0,Relic of a bygone era down at the local Chinese,,https://i.redd.it/vo4uyzyezug31.jpg,1565982151.0,254,1.0,27,CasualUK,ACxZoom
crahy5,Seen in an NHS hospital... not quite sure how a traffic cone is going to help fight a fire tbh,,https://i.redd.it/64s9at0euug31.jpg,1565980459.0,105,0.99,17,CasualUK,UncleQuentin
cr99by,Let's show some love for Harry Hill's TV Burp...,,https://youtu.be/kqaGhDo_bCA,1565974928.0,99,0.84,24,CasualUK,Baldtrev
cr8z65,Found a huge box full of old coins in my parents old house,,https://i.redd.it/6ambejnkaug31.jpg,1565973797.0,62,0.95,17,CasualUK,kaetror
cr7yi7,BBQ up Park Lane bring beer,,https://i.redd.it/2h2zga5ixtg31.jpg,1565969409.0,61,0.93,5,CasualUK,LiftEngineerUK
cr7p8c,"Pub crawl with the bois last weekend, met a noble young knight on our travels whom was thusly crowned our new King..",,https://i.redd.it/g0edkr3butg31.jpg,1565968325.0,2010,0.98,96,CasualUK,tomcon25
cr7gu4,Walking my dog and came across a pigeon racer training his pigeons. He said these would fly back to Liverpool from Shrewsbury in about 40 minutes and fly straight into their coop!,,https://i.redd.it/cdncz7b2rtg31.jpg,1565967275.0,127,1.0,29,CasualUK,crazycockerels
cr78x9,Came across this old phone box near my folks house - not fully abandoned but don't think its been used in years!,[deleted],https://i.redd.it/kpvgn2uwjsg31.jpg,1565966298.0,66,0.89,12,CasualUK,[deleted]
cr6nar,The legendary companion to the sports direct mug,,https://i.redd.it/xxx2g5gyftg31.jpg,1565963519.0,155,0.98,11,CasualUK,[deleted]
cr5rn6,The name of this nightclub in Edinburgh has killed me,,https://i.redd.it/48e4ja6m2tg31.jpg,1565959012.0,2009,0.98,66,CasualUK,missilesovermoscow
cr4kvz,My plea to Greggs,,https://i.redd.it/urhzua24hsg31.png,1565951790.0,328,0.97,55,CasualUK,yes_loe
cr4ae3,Is one daily commute not enough?!,[deleted],https://v.redd.it/qispa119bsg31,1565949845.0,57,0.82,13,CasualUK,[deleted]
cr48yk,I got free Heathrow express tickets the other day! (explained in the comments),,https://i.redd.it/bqzz308kasg31.jpg,1565949585.0,60,0.85,8,CasualUK,Biscio
cr46vs,"That's a bit personal, M&amp;S!",[deleted],https://i.imgur.com/KiAYVGX.jpg,1565949194.0,310,0.98,33,CasualUK,[deleted]
cr430b,It's insightful and detailed infographics like this which make the TV license worth it,,https://i.redd.it/m3vxdkqb3sg31.jpg,1565948427.0,903,0.98,96,CasualUK,Nw5gooner
cr3viq,Nothing like a casual bus fire to bring the village together.,,https://i.redd.it/kiwumhng2sg31.jpg,1565946897.0,982,0.99,42,CasualUK,xad001x0w
cr3owl,Inspiration for the cakes!,,https://i.redd.it/vs9gm7v9pqg31.jpg,1565945621.0,453,0.98,31,CasualUK,lucylulu23
cr2zss,The local school has put up posters. Bloody hell Carly!,,https://i.redd.it/hpcmp8t5jrg31.jpg,1565940362.0,84,0.96,9,CasualUK,DreddPirateBob4Ever
cr2x81,Not anymore.,,https://i.redd.it/3m600msohrg31.jpg,1565939870.0,209,0.99,5,CasualUK,Ollieca616
cqy5sm,"Murican here, ordered some chocolate from the U.K and it's finally arrived.",,https://i.imgur.com/h0K2ef5.jpg,1565913004.0,200,0.91,119,CasualUK,SpacePistachio
cqy0wo,Majestic,,https://v.redd.it/mdfkasy84og31,1565912344.0,376,0.99,54,CasualUK,fairkatrina
cqxw0b,Deliveroo deliver whatever it takes,,https://i.redd.it/c1afni4w5pg31.jpg,1565911686.0,165,0.95,27,CasualUK,Meaty420
cqxn6h,"""Usually I only draw women's faces but I'll give it a bash. How hard can it be?""",,https://i.redd.it/wqcjs5ri1pg31.jpg,1565910507.0,7974,0.99,182,CasualUK,panicky_in_the_uk
cqwscr,Any love for the boys and girls in yellow?,[deleted],https://v.redd.it/u7fvkphraog31,1565906621.0,426,0.97,52,CasualUK,[deleted]
cqwnna,"Is it just me, or did Adele do an amazing job on the Skyfall Bond theme?","I love Bond movies but haven‚Äôt found any of the modern themes much beyond the Connery years have cut the mustard. Fucking Duran Duran? Give me strength. Madonna? Product placement and nothing else. Garbage? Yes it was. Aha? Aaaah - no.

But I just rewatched Skyfall, and Adele really nailed it. Powerful. Bond-y. Memorable. She‚Äôs the only one since maybe Live and Let Die.

Argue with me, guys!

Edit:- should have said since the Mid Roger Moore period - We Have All The Time in the World, Live and Let Die, and Nobody Does It Better are obviously among the best.

Well corrected CasualUK people.",https://www.reddit.com/r/CasualUK/comments/cqwnna/is_it_just_me_or_did_adele_do_an_amazing_job_on/,1565906042.0,70,0.87,73,CasualUK,SnoopyLupus
cqwnn0,A quick reminder how beautiful this place. Keep scrolling..,,https://i.redd.it/4rhxw1kwoog31.jpg,1565906041.0,103,0.95,15,CasualUK,photographyIgor
cqw3fg,There has to be a better sale sticker than this.,,https://i.redd.it/n67husgihog31.jpg,1565903487.0,214,0.98,11,CasualUK,danger_area
cqvr6b,"If anyone was on a particular Southeastern train tonight, my missus brought our new tennant Stanley home...",,https://imgur.com/Wuv29gG.jpg,1565901987.0,632,0.99,41,CasualUK,king_starscreem
ltjilx,"CasualUK Zoom Quiz, vol. 10 (!) - tomorrow 7pm","Morning folks,

Your usual advert for the weekly Zoom quiz I've been doing which will happen as ever at 7pm tomorrow evening. Everyone is welcome, bring a housemate/other half and/or a large alcoholic drink, your thinking cap, and a pen and paper. And your creative side for this week's bonus round, but I'm saying no more...

As ever if you wouldn't mind **upvoting this for visibility** I'd be your CasualUK friend. Ooh, friends. Or something.

Link below. Any questions, hit me!

GM x


Ghost Moon is inviting you to a scheduled Zoom meeting.


Topic: r/CasualUK Zoom Quiz Night


Time: This is a recurring meeting 


Join Zoom Meeting
https://us02web.zoom.us/j/81983250659?pwd=MHhNVWNXSkRzdDVqb2Zvd0xGbGxiQT09

Meeting ID: 819 8325 0659

Passcode: 910842",https://www.reddit.com/r/CasualUK/comments/ltjilx/casualuk_zoom_quiz_vol_10_tomorrow_7pm/,1614413463.0,130,0.94,13,CasualUK,ghostmoon
ltio31,The kind of weather man I can get behind at 7am on a Saturday morning,,https://i.redd.it/2aueg5pezyj61.jpg,1614409728.0,10316,0.95,507,CasualUK,gaggleofllama
ltibi6,The sun appears to be in the sea this morning,,https://imgur.com/bpo1MVb,1614408222.0,60,0.93,9,CasualUK,sigmentum
lthsca,"Looe, Cornwall looking pretty in the evening.",,https://i.redd.it/gscpwel8oyj61.jpg,1614406027.0,166,0.97,17,CasualUK,Welding_wizard
ltg4ue,Saw this boy on an insta story and just had to,[deleted],https://i.redd.it/6i1mtbpw5yj61.jpg,1614399787.0,163,0.89,14,CasualUK,[deleted]
ltfnjo,[crosspost] Flats in London are getting ridiculous,,https://v.redd.it/efg93kvjvvj61,1614398140.0,113,0.87,13,CasualUK,emailrob
ltewwf,"BOAC pilots head home after 16 hours at the controls, having established one the first regular post-war services to America, November 1956.",,https://i.redd.it/8t40udmhtxj61.jpg,1614395610.0,78,0.98,4,CasualUK,WingedBadger
ltc1t4,Nice to see Bedfordshire has become a recognised unit of measurement,,https://i.redd.it/noi8xin81xj61.png,1614386111.0,69,0.93,18,CasualUK,Absolewtely
ltbifn,"Just a man, walking his two blue parrots.",,https://i.redd.it/6r9jy2p0wwj61.jpg,1614384355.0,80,0.97,21,CasualUK,tuculiu
ltb6yi,Dead Metal had to get a new job after Robot Wars was cancelled again,,https://v.redd.it/ia8mmvrowuj61,1614383353.0,142,0.96,17,CasualUK,live_wire_
ltaub1,"Yellow Wagtail, Otley, West Yorkshire",,https://i.redd.it/1qg8ybdppwj61.jpg,1614382235.0,95,0.99,5,CasualUK,atypicalbirder
ltanpv,Beautiful February evening on the Kent coast,,https://i.redd.it/k4kshfx0owj61.jpg,1614381670.0,85,0.97,5,CasualUK,charlotteflewk
lt8c4o,Anyone else love these as a kid? Was a stocking filler treat usually,,https://i.redd.it/xbc326744wj61.jpg,1614374971.0,152,0.98,46,CasualUK,Timewarp859
lt7zqq,The moon this evening ft a witch,,https://i.redd.it/jal98hx61wj61.jpg,1614373987.0,60,0.95,2,CasualUK,FloralRoseX
lt7lc4,Shout out to whoever designs Sainsbury‚Äôs kids clothes and managed to sneak a willy onto a lion‚Äôs face,,https://i.imgur.com/i0moMG6.jpg,1614372908.0,503,0.98,31,CasualUK,acidmath
lt7hot,Bastard made me go on a 2k detour!,[deleted],https://i.redd.it/ztr3ai14xvj61.jpg,1614372623.0,50,0.93,27,CasualUK,[deleted]
lt78f5,Took this evening. England's Green and Pleasant Lands. Love this time of year.,,https://i.redd.it/8qrt48gwuvj61.jpg,1614371897.0,110,0.92,5,CasualUK,rincewindsbeard
lt771k,Moon lovely and large tonight chaps,,https://i.redd.it/l160k16luvj61.jpg,1614371791.0,181,0.97,21,CasualUK,rincewindsbeard
lt6esi,Very bright moon this eve,,https://imgur.com/28AM5Vs,1614369687.0,47,0.89,2,CasualUK,ForestCrunch
lt66if,Called the local curry house tonight and for the first time they picked up the phone and called me by name...,...don't know whether to be proud or mortified...,https://www.reddit.com/r/CasualUK/comments/lt66if/called_the_local_curry_house_tonight_and_for_the/,1614369086.0,65,0.95,14,CasualUK,Chrismith1992
lt5vda,"Little red robin I made, every gardeners favourite visitor :)",,https://i.redd.it/jitp43dujvj61.jpg,1614368248.0,177,0.96,14,CasualUK,jessicahuntington
lt5usi,Today is a good day,,https://i.redd.it/nb1dyfvzjvj61.jpg,1614368207.0,522,0.97,61,CasualUK,Rich7469
lt5u0q,"Trolley in the wild #2. Tragically, this one fell victim to river pollution.",,https://i.redd.it/ragheibujvj61.jpg,1614368152.0,100,0.96,12,CasualUK,Hamking7
lt5iw3,"This sign is slightly more bleak than ""Welcome to Weymouth"" but interesting nonetheless.",,https://i.redd.it/o8olq7z7hvj61.png,1614367336.0,3273,0.99,116,CasualUK,BigBeanMarketing
lt56ga,The best view in Donny t‚Äôneet,[deleted],https://i.redd.it/w15hn5hoevj61.jpg,1614366417.0,59,0.95,4,CasualUK,[deleted]
lt4l4c,Longing for nights like these,,https://v.redd.it/jsbaj77ymtj61,1614364876.0,72,0.89,8,CasualUK,Absolewtely
lt41qx,"Underground station, Uxbridge",,https://i.redd.it/qy6o4s2v5vj61.jpg,1614363453.0,59,0.96,16,CasualUK,morphalex90
lt3y9k,Making my own birthday cake for tomorrow. Guess I'm having a 2 layer cake. But now I have snacking cake. So I am still the winner!,,https://i.redd.it/d80d8lc45vj61.jpg,1614363202.0,244,0.98,33,CasualUK,bellacathy
lt3kcv,"Noticed daffodils in the churchyard, I don't know about anyone else but I find daffodils make me think 'Maybe things aren't that bad' '",,https://www.reddit.com/gallery/lt3kcv,1614362244.0,428,0.98,38,CasualUK,nocte_lupus
lt3hm2,"Something for the crisp enthusiasts, a 25 year old walkers wrappers I found on a walk today",,https://www.reddit.com/gallery/lt3hm2,1614362036.0,120,0.98,17,CasualUK,DINO_S0RE
lt1xif,Ummmm,,https://i.redd.it/m3qdvplbruj61.jpg,1614358563.0,274,0.97,21,CasualUK,PhenomenomThemes
lt1g8y,"Sutton on Sea, beach to myself",,https://i.redd.it/25xtkdbhnuj61.jpg,1614357274.0,283,0.98,18,CasualUK,Red0r79
lt0ytg,"Might be missing a two-finger salute, but otherwise pretty spot on.",[deleted],https://i.redd.it/gpch87omauj61.jpg,1614356027.0,87,0.94,2,CasualUK,[deleted]
lt0q44,I tried my best not to startle it and managed to capture this magnificent shot.,,https://i.redd.it/9yw47ntrhuj61.jpg,1614355353.0,15168,0.98,207,CasualUK,scoobyMcdoobyfry
lszp5q,"I hope with the nice weather today, sun high in a blue clear sky, that your enjoying it as you deserve it and a reminder Spring is round the corner and better days are ahead.",[deleted],https://www.reddit.com/r/CasualUK/comments/lszp5q/i_hope_with_the_nice_weather_today_sun_high_in_a/,1614352446.0,118,0.94,18,CasualUK,[deleted]
lszbnl,Product Development team having an ‚Äòoff‚Äô day or is this a thing?,,https://i.redd.it/avz3ql8z5uj61.jpg,1614351386.0,56,0.92,40,CasualUK,SouthHorizon
lsy6gl,Does anyone else wake up in a Wombling mood?,[deleted],https://v.redd.it/uj930yrevtj61,1614347854.0,145,0.97,23,CasualUK,[deleted]
lsxprt,A Malvern Council employee dropped his T yesterday,,https://i.redd.it/cw3peadwptj61.jpg,1614346230.0,130,0.98,33,CasualUK,ViddyFanUK
lsxl2a,"When electric cars are the only ones on the road, the peace and quiet we'll all get and not have to hear the banging of boy racer exhausts will be bliss.",,https://www.reddit.com/r/CasualUK/comments/lsxl2a/when_electric_cars_are_the_only_ones_on_the_road/,1614345751.0,83,0.92,60,CasualUK,Tytla
lsxcec,A wee taste of Kolkata at the City Hospital today.,,https://i.redd.it/377504glmtj61.jpg,1614344869.0,77,0.98,8,CasualUK,Dhorlin
lsxb0d,I made iron man out of rizla,,https://i.redd.it/wg18dc96mtj61.jpg,1614344726.0,274,0.94,36,CasualUK,rollvolver
lsx689,"I recently moved into a new flat which doesn‚Äôt have a Sports Direct mug. Pretty much everyone I know, including myself, says that they didn‚Äôt buy one and are not sure how they obtained it. Is it cheating to actually buy one from their website new, or should I just wait until one appears?",I‚Äôm kinda missing having a giant mug and I‚Äôm not sure on how long it will take for the Sports Direct mug to appear.,https://www.reddit.com/r/CasualUK/comments/lsx689/i_recently_moved_into_a_new_flat_which_doesnt/,1614344271.0,56,0.9,22,CasualUK,YesToSnacks
lsx1wp,Some people want to watch the world burn,,https://i.imgur.com/pbimEiO.jpg,1614343785.0,1074,0.98,235,CasualUK,Shockwavepulsar
lswl7k,It‚Äôs B-day! I‚Äôve waited so long for this.,,https://i.redd.it/3fhj7e9odtj61.jpg,1614341873.0,1141,0.98,53,CasualUK,pesback
lswi88,Stuck in a zoom call this morning when I found this thicc boi,,https://i.redd.it/w0zoevjoctj61.jpg,1614341537.0,229,0.95,10,CasualUK,[deleted]
lsw6ab,National Trust to plant blossom trees in cities,[deleted],https://www.reddit.com/r/CasualUK/comments/lsw6ab/national_trust_to_plant_blossom_trees_in_cities/,1614340385.0,72,1.0,15,CasualUK,[deleted]
lsvzlv,A British Expert,,https://v.redd.it/hzcb29np6tj61,1614339609.0,236,0.98,22,CasualUK,Heavy_Object
lsvm3x,Today I lay rest to my Sports Direct mug. RIP ... gone but not forgotten,[deleted],https://i.imgur.com/6IU1NG1.jpg,1614338046.0,47,0.89,15,CasualUK,[deleted]
lsvlx3,"Sheep‚Äôs doorway, Lancashire",,https://i.redd.it/viseus992tj61.jpg,1614338027.0,388,0.99,25,CasualUK,limegreenbunny
lsv0n0,"Really pushing the boat out this morning with a toast selection platter, as it's Friday and I'm a woman of culture.",,https://i.redd.it/c7sqfxl7vsj61.jpg,1614335659.0,3900,0.98,247,CasualUK,Axolotler
lsumme,I bought my dad an ancestry DNA test for Christmas... only to be told he's almost 100% British lol,,https://i.redd.it/erckeae7qsj61.jpg,1614333971.0,125,0.95,52,CasualUK,bluejeanswhiteshoes
lsu02t,You are now about to witness the strength of medical knowledge.,,https://i.redd.it/kt40dme2isj61.jpg,1614331241.0,132,0.93,23,CasualUK,RedOcelot86
lstscd,The little things in life. Essex.,,https://i.redd.it/yfvr6f44fsj61.jpg,1614330267.0,202,0.98,32,CasualUK,ShipwreckJS
lstajx,Thought I'd watch the sunrise at the beach this morning,,https://v.redd.it/9fbvn2hf8sj61,1614328036.0,92,0.92,20,CasualUK,Mprovin
lst8hn,"Having my vaccine jab today, and whilst get dressed in ‚Äúgoing outside clothes‚Äù testing the sleeves of my top to make sure I can expose my shoulder to avoid any awkwardness.",,https://www.reddit.com/r/CasualUK/comments/lst8hn/having_my_vaccine_jab_today_and_whilst_get/,1614327768.0,63,0.9,42,CasualUK,K_O_K13
lst5lp,Is this a Banksy original?,"&amp;#x200B;

https://preview.redd.it/iiwp68vm6sj61.jpg?width=1384&amp;format=pjpg&amp;auto=webp&amp;s=e022dc571275355d3d347eee224ab3f25501473c",https://www.reddit.com/r/CasualUK/comments/lst5lp/is_this_a_banksy_original/,1614327417.0,63,0.83,21,CasualUK,NontraditionalTom
lssp6l,Cable cars going over the front of the moon in east London. Not quite the ET image but close :),,https://i.redd.it/3ntjk9pg0sj61.jpg,1614325318.0,8166,0.98,200,CasualUK,wooks71uk
lsslrk,"Yeah the pay isn‚Äôt good but a minimum wage job can be good, if you get one that‚Äôs right for you","I‚Äôm on a production line, it can be boring at times, but it‚Äôs still alright. I can switch my brain off and go on autopilot for the day without thinking about it. 


Each thing that comes down through the conveyor belt you only have so long to assemble the item before it moves off, so I like to play a little timer mini game. Usually helps pass the day 

I know I see a lot of people in work that complain about the hours and the pay but honestly I don‚Äôt think it‚Äôs that bad. 

I do get paid more for overtime which isn‚Äôt half bad either. Plus, Is there a better feeling than when you finally finish up work after a long day? I feel satisfied and good about my self",https://www.reddit.com/r/CasualUK/comments/lsslrk/yeah_the_pay_isnt_good_but_a_minimum_wage_job_can/,1614324864.0,4438,0.9,626,CasualUK,[deleted]
lsrltc,Introducing The Yorkie Burger (Yorkshire pudding + Wensleydale cheese) - Mk I,,https://i.redd.it/r7xwwm6flrj61.jpg,1614320446.0,2451,0.96,158,CasualUK,0erlikon
lska6i,Anyone remember this relic? Completely forgot they exist! A true piece of engineering,,https://i.redd.it/v9k27nwgmpj61.jpg,1614296395.0,357,0.98,107,CasualUK,TheMicrosoftBob
lsj97d,Can we help Blanche have a nice birthday?,,https://i.redd.it/f7kyan7zdpj61.jpg,1614293539.0,59,0.91,17,CasualUK,mrparkersir
lsitl3,"No idea where this pigeon has been working out, pretty sure all the gyms are still shut.",,https://i.redd.it/qpnlfhseapj61.jpg,1614292340.0,134,0.98,13,CasualUK,Gladbachs69
lsifbx,Great range of snacks in B&amp;M,,https://i.redd.it/r3ikfpv67pj61.jpg,1614291260.0,63,0.91,12,CasualUK,ouesbubo
lsi5mv,Moonlight view of the Aberystwyth war memorial. Beautiful evening,,https://i.redd.it/fueypr335pj61.jpg,1614290549.0,422,0.98,11,CasualUK,mikedocherty08
lshgnw,"No rolls left in the shop, so cheeseburger sandwich for dinner.",,https://i.redd.it/bwwdu3jjzoj61.jpg,1614288694.0,267,0.92,86,CasualUK,[deleted]
lsgu8q,Spotted on my evening walk. Parton appears to be winning her running battle with Jesus round these here parts.,,https://i.redd.it/ex588fxhuoj61.jpg,1614287002.0,1125,0.98,36,CasualUK,ajt2299
lseg68,I've finally started to miss eating out...,"It hasn't bothered me for a long time but I had a curry at home tonight and realised that I really miss the mixed feeling of embarrassment and cheeky smugness when you drop something on the pristine white tablecloth at an Indian restaurant... and successfully hide it from the waiters for the rest of the night with plates, beer glasses and anything else on the table.   


Sorry waiters, it's usually me.",https://www.reddit.com/r/CasualUK/comments/lseg68/ive_finally_started_to_miss_eating_out/,1614280734.0,56,0.97,15,CasualUK,UKMatt2000
lsd5im,Country church with a sunset background,,https://i.redd.it/4fzqs3422oj61.jpg,1614277426.0,1091,0.99,44,CasualUK,Andy_B1010
lscvrq,I think I may have found the entrance to platform 9 3/4,,https://i.redd.it/ozirak8qznj61.png,1614276698.0,108,0.94,10,CasualUK,Jorrow
lscdw8,Got given a green house for free. now trying my hand at growing potatos and carrots!,,https://i.redd.it/68vcv7q4wnj61.jpg,1614275434.0,161,0.96,29,CasualUK,thisiscotty
lsbjzy,Morrisons nearly had me today,,https://i.redd.it/x4tu4ayqpnj61.jpg,1614273291.0,208,0.97,24,CasualUK,ZebrasLastStripe
lsb583,The Great British Harbor,,https://i.redd.it/07j12yupmnj61.jpg,1614272269.0,586,0.96,22,CasualUK,TomVonServo
ls92qm,"Somebody sent me something from ebay and used a bag for life as an envelope. If I can patiently remove the tape, I‚Äôll have knocked 15p of the price paid.",,https://i.redd.it/3vzwmeur6nj61.jpg,1614266905.0,177,0.95,11,CasualUK,Nilliay88
ls92nc,A creature that was new to me upon moving to the UK: the moorhen. Weird little birds with POWERFUL lungs.,,https://i.redd.it/1vntodsq6nj61.jpg,1614266898.0,136,0.99,35,CasualUK,teeheefracne
ls90cn,Went on a walk around my town just to appreciate the natural beauty I grew up surrounded by,,https://i.imgur.com/XbFuQQV.jpg,1614266733.0,10025,0.99,141,CasualUK,The_Funky_Gibbon1711
ls87vd,'Ere lads. Let's get up on this disused building and write the most rudest words we can think of!!,,https://i.redd.it/a68jm8t60nj61.jpg,1614264688.0,281,0.97,26,CasualUK,LastPenguinOnTheLeft
ls83qd,"53 years old and out for a walk with the youngest child and on a call to my boss and encounter this. And yes I had to do it, whilst on the call, so did youngest child!",,https://i.redd.it/jsc9ksx9zmj61.jpg,1614264383.0,99,0.93,3,CasualUK,Exemplar1968
ls7mjq,This man narrated half of my childhood memories i think,[deleted],https://i.redd.it/84oxl4d2vmj61.jpg,1614262967.0,115,0.95,34,CasualUK,[deleted]
ls6yd7,"Eurasian Otter, West Yorkshire.",,https://i.redd.it/pw08koptomj61.jpg,1614260867.0,195,0.98,13,CasualUK,atypicalbirder
ls6sls,Mixed seed packet jacket,[deleted],https://i.redd.it/2mqmhd4fnmj61.jpg,1614260395.0,241,0.97,20,CasualUK,[deleted]
ls69yo,When the customers sort you out with lunch.,,https://i.redd.it/n6lk8bzdimj61.jpg,1614258728.0,164,0.98,42,CasualUK,wipeitonthecat
ls639a,Sometimes All It Takes Is A Build-A-Bear To Break Your Heart,,https://i.redd.it/d6a66xt2gmj61.png,1614258130.0,58,0.9,12,CasualUK,UniversallyCucumber
ls5xi7,"Never posted on Reddit before but felt like everyone should see this, dogs can now drive, and use drive throughs...",,https://i.redd.it/k1rioz96fmj61.jpg,1614257621.0,169,0.94,14,CasualUK,SadTractorJourney99
ls5kd3,Missing cat in Southport.,,https://www.reddit.com/gallery/ls5kd3,1614256392.0,100,0.93,10,CasualUK,ian1865
ls4f6r,I found this monstrosity.,,https://i.redd.it/h761sdluylj61.jpg,1614252131.0,92,0.9,31,CasualUK,Dan6500
ls412k,First Easter egg of the season - chuffed that it came apart into two perfectly clean halves too. Eggcellent.,,https://i.redd.it/6034up0bulj61.jpg,1614250606.0,166,0.93,68,CasualUK,sad_bandwich
ls3yia,Poundland butt plugs but only if it's an emergency.,,https://i.redd.it/j0n9s2ehtlj61.jpg,1614250325.0,455,0.98,115,CasualUK,Wonk_Majik
ls3s15,What a cheeky chappy!,,https://i.imgur.com/zYlIpLp.jpg,1614249600.0,1283,0.99,35,CasualUK,SHbhar
ls3jk9,"Despite not being part of my household, this fella came to my garden for lunch",,https://imgur.com/qNhUzpB,1614248649.0,80,0.96,12,CasualUK,300Hectares1Kerosene
ls3fo1,Toby Jones: national treasure?,"Every time I've seen or heard him on something,  he has been good. I‚Äôm currently listening to [this](https://www.bbc.co.uk/programmes/m000pm8x) which I‚Äôd never heard of before.",https://www.reddit.com/r/CasualUK/comments/ls3fo1/toby_jones_national_treasure/,1614248201.0,62,0.89,42,CasualUK,zincglasses
ls37sb,"""Best boiler going that. Got one myself""",,https://i.redd.it/2cnuh9cbklj61.png,1614247342.0,917,0.97,104,CasualUK,tungstenbyte
ls34lp,"This unfortunate sign placement at Costa makes me laugh everytime I see it, there's no way someone put that up a decided there is nothing wrong",,https://i.redd.it/rohtvtzjjlj61.jpg,1614246988.0,302,0.97,25,CasualUK,corza663_
ls306u,"On a retro-style milk truck, the London entrepreneur chases a 'zero waste' future, great Initiative.",,https://i.redd.it/e0kttnezhlj61.png,1614246467.0,182,0.95,28,CasualUK,harsha_shun
ls2v78,"This popped up between adverts for a few seconds, Dave knows what's up",,https://i.redd.it/5jis3fteglj61.jpg,1614245930.0,346,0.96,10,CasualUK,Loveagoodpizza
ls2o0q,The Great British house,[deleted],https://i.redd.it/8v6g52fydlj61.jpg,1614245105.0,13628,0.96,359,CasualUK,[deleted]
ls2kv6,Amateur Springwatch 2021 episode 1,,https://v.redd.it/852opo7oclj61,1614244777.0,49,0.94,3,CasualUK,ajsadler
ls2ipb,Mary Anning: Fossil hunter celebrated with Jurassic 50p coins,,https://i.redd.it/73m0cbx1clj61.jpg,1614244503.0,114,0.98,12,CasualUK,sunshinetidings
ls2dgy,Decent cobweb action in the garden this morning,[deleted],https://i.imgur.com/6ASFtJC.jpg,1614243898.0,541,0.98,12,CasualUK,[deleted]
ls0lli,Nothing like an early morning stroll along the beach,,https://www.reddit.com/gallery/ls0lli,1614236688.0,154,0.97,13,CasualUK,migeldyhiggens
ls07tm,Happy Highland Cows!,,https://v.redd.it/vj4mb5a4kkj61,1614235095.0,803,0.99,22,CasualUK,[deleted]
cqugyh,"Alright Etsy, that‚Äôs enough",,https://i.redd.it/2zgtflrcwng31.jpg,1565896371.0,370,0.97,32,CasualUK,Julio-Geordio
cqu8xd,Don't be fooled by the rocks that I got...,,https://imgur.com/6U2uZqz,1565895438.0,3453,0.92,82,CasualUK,SomeEnglishChap
cqu86m,"Finally, an apocalypse to look forward to",,https://i.redd.it/w64ax00atng31.jpg,1565895349.0,669,0.98,19,CasualUK,perki_s
cqq2up,"Here in Manchester, we advertise properly",[deleted],https://i.redd.it/v078b0ggamg31.jpg,1565876973.0,106,0.97,27,CasualUK,[deleted]
cqpwb7,Recoil in horror at the presence of American-style peepshow shitter doors in the UK!,,https://i.redd.it/loanefxt7mg31.jpg,1565876049.0,341,0.98,83,CasualUK,signalstonoise88
cqprch,A boy passed this note to me after overhearing me complaining to cabin crew that no tea had been loaded on the aircraft,[deleted],https://i.redd.it/9wac446f5mg31.jpg,1565875364.0,3809,0.98,154,CasualUK,[deleted]
cqplth,These must be putting Walkers out of business,,https://i.redd.it/qq5nsbwk3mg31.jpg,1565874589.0,195,0.94,14,CasualUK,DannyHallam
cqohaw,Tried to take a picture of Dunstanburgh Castle but some bastard got in the way,,https://i.imgur.com/44LuIZ1.jpg,1565868070.0,535,0.98,28,CasualUK,denham599
cqoevn,Glad to see my greatest source of comedy from my GCSE days is still going strong.,,https://i.redd.it/e0k9h75silg31.jpg,1565867618.0,859,0.98,68,CasualUK,highlander2189
cqoeto,A postcard found at home in a bunch of my dad‚Äôs papers,,https://i.redd.it/7cqwc0qtilg31.jpg,1565867609.0,192,0.95,7,CasualUK,letskilleachother
cqndpl,I found a white postbox in Birmingham,,https://i.imgur.com/nHpkVq8.jpg,1565860063.0,174,0.98,63,CasualUK,Reddy360
cqnc78,I‚Äôll be the judge of that,,https://i.redd.it/rrobxdgfvkg31.jpg,1565859741.0,152,0.97,30,CasualUK,YungTabernacle
cqnbph,"It appears I have a garden frog, cool as hell",[deleted],https://i.redd.it/sy4misy4vkg31.jpg,1565859657.0,181,0.99,34,CasualUK,[deleted]
cqn46p,BREAKING NEWS!!,,https://i.redd.it/c21nh0r2qkg31.jpg,1565857940.0,11048,0.89,259,CasualUK,MrLionss
cqmh3y,Kids today are spoiled for choice,,https://i.redd.it/2ecasr8pakg31.jpg,1565852769.0,461,0.97,67,CasualUK,PhordPrefect
cqmbki,This tanker company knows how to website,,https://imgur.com/SGsA7Wz.jpg,1565851585.0,278,0.97,12,CasualUK,hutchero
cqlp5e,A-Level Results Thread,"Best of luck to our younger members receiving their results today, if it doesn‚Äôt go as you planned there‚Äôs plenty of other options available for you. 

Feel free to discuss your results here or r/6thForm also are running a [thread HERE](https://reddit.com/r/6thForm/comments/cqe9za/the_r6thform_results_day_megathread/)


-	[Link to UCAS clearing ](https://www.ucas.com/clearing-launch)",https://www.reddit.com/r/CasualUK/comments/cqlp5e/alevel_results_thread/,1565847064.0,145,0.94,340,CasualUK,GFoxtrot
cqimp8,Cheeky naan doughs...,,https://imgur.com/dRUyUco,1565829749.0,111,0.95,11,CasualUK,Kenny_log_n_s
cqeozg,Haven‚Äôt noticed a warning like this before on iPlayer!,,https://i.redd.it/eh6d2vbsvgg31.jpg,1565811438.0,445,0.99,109,CasualUK,WoodySoprano
cqe5gx,The most British review that I have ever seen.,[deleted],https://i.imgur.com/WwWkeT1.jpg,1565809117.0,158,0.9,6,CasualUK,[deleted]
cqd6z2,"My Dad absolutely loving life, riding his bike round London.",,https://i.redd.it/zwl3gtftcgg31.jpg,1565805053.0,150,0.93,14,CasualUK,Slimcrafty
cqcic2,Deer crossing a stream in Richmond Park,,https://i.redd.it/8ymere8iwcg31.jpg,1565802071.0,882,0.99,30,CasualUK,KingCarlitos4
cqadnk,"This just landed in my garden, thought I'd share it here with the small chance the sender might see it",,https://imgur.com/u4GulWP,1565792663.0,160,0.91,28,CasualUK,scrotumofthanos
cqa8bb,Turns out us British can‚Äôt speak English either,,https://i.redd.it/5nt0fgkpldg31.jpg,1565791980.0,143,0.96,10,CasualUK,Danny2877
cq9zom,Retired teacher puts world's only hole punch collection up for sale after his wife threatened to throw them in the bin,,https://www.dailymail.co.uk/news/article-7356169/Retired-teacher-82-puts-worlds-hole-punch-collection-sale.html,1565790871.0,60,0.94,14,CasualUK,toomah28
cq9hr5,The new Maccies in my town just broke the record for the busiest first day and first 7 days EVER,,https://i.redd.it/ji56s40czeg31.jpg,1565788412.0,79,0.9,20,CasualUK,Baggie98
cq98hq,Am I the chosen one? Spotted near London Bridge.,,https://i.redd.it/g1i1w4neveg31.jpg,1565787093.0,90,0.97,11,CasualUK,BlindwillowSW
cq97t1,Well... that‚Äôs summer holiday sorted.,,https://i.redd.it/8dm03nf3veg31.jpg,1565786986.0,177,0.97,20,CasualUK,thedudeabides80
cq8zo3,Nice little reminder,,https://i.redd.it/1kqzxxbhreg31.jpg,1565785774.0,1204,0.99,74,CasualUK,judd1011
cq8p91,Not sure if they will sell bread or dyslexic prostitutes,,https://i.redd.it/9kxuoceomeg31.jpg,1565784163.0,71,0.93,13,CasualUK,TheKekStreetJoural
cq811e,"This has been in someone's front garden for ages, none of my real life friends care! Madness! So I'm sharing with my T'internet friends. Bonus points for guessing where this is",,https://i.redd.it/hie7gdwbaeg31.jpg,1565780006.0,599,0.97,70,CasualUK,Froggatt34
cq7r32,THIEF gains entry into ambulance and steals Paramedic's sandwich in brazen daylight robbery.,[deleted],https://imgur.com/a/hSdbQHP,1565778130.0,161,0.97,8,CasualUK,[deleted]
cq7loh,Riders on the storm,,https://i.redd.it/tvneo9ss1eg31.jpg,1565777154.0,101,0.96,10,CasualUK,[deleted]
cq71rk,Been asked to bring a pudding along tonight - viennetta xxl or arctic roll x2?,,https://i.redd.it/vri3ogv1qdg31.jpg,1565773186.0,256,0.97,77,CasualUK,[deleted]
cq6k43,"My favourite picture of my grandparents on Southport pier, not sure of the date. Miss them every day.",,https://i.redd.it/yk1tjywxedg31.jpg,1565769446.0,800,0.96,71,CasualUK,brogbort
cq6cvu,I'm done for summer folks..,,https://i.redd.it/ffc4g9fdadg31.jpg,1565767916.0,7054,0.98,147,CasualUK,qcern
cq64bi,percentage of UK Children aged between 5 - 16 who were unable to identify these animals,[deleted],https://i.imgur.com/KGFgVsI.jpg,1565766223.0,156,0.91,63,CasualUK,[deleted]
cq5nti,"Apple pie and ice cream from McDonalds, why did you leave us?",,https://i.redd.it/kjptha2tvcg31.jpg,1565763012.0,100,0.91,50,CasualUK,neon111222
cq5all,Not convinced about these new novelty shaped sausages...,,https://i.imgur.com/9uj9ss6.jpg,1565760571.0,85,0.94,16,CasualUK,merlinho
cpzlqx,Got a massive Frazzle.,,https://i.redd.it/nh93cpxx8ag31.jpg,1565731123.0,78,0.94,15,CasualUK,[deleted]
cpz1vb,Beautifully to the point - A masterpiece of writing,,https://i.redd.it/wijxvnww1ag31.jpg,1565728744.0,102,0.99,8,CasualUK,TartanGiraffe
cpyd1x,"Love a B&amp;Q car park butty van, ¬£3.50 for a big greasy burger that could choke a donkey",,https://imgur.com/5LM5nw3,1565725821.0,109,0.9,18,CasualUK,custardgash
cpyblf,Bank Station,[deleted],https://v.redd.it/9jcakm0gs9g31,1565725652.0,153,0.96,25,CasualUK,[deleted]
cpy1w3,Welsh countryside,,https://i.redd.it/l9rf0tyap9g31.jpg,1565724516.0,75,0.96,5,CasualUK,kjkjkjknmkjjnj
cpxe6f,Stephen King's new film looks terrifying! (spotted at my local swimming pool),,https://i.redd.it/60ddekztg9g31.jpg,1565721668.0,56,0.93,8,CasualUK,[deleted]
cpxcat,That and After Eights,,https://i.redd.it/t0zicja8g9g31.jpg,1565721452.0,19857,0.97,630,CasualUK,LankyHP
cpwhk4,London rooftop garden,,https://i.redd.it/s52onsob59g31.jpg,1565717792.0,146,0.98,9,CasualUK,Ankle101
cpw5zc,"Crikey, thought her top was a bit low cut!",,https://i.redd.it/hqgdwv0b19g31.jpg,1565716434.0,124,0.96,7,CasualUK,ac13332
cpvtql,Even the carriages don't rely on the rail service anymore...,,https://i.redd.it/6w4u4c7zw8g31.jpg,1565714985.0,1164,0.99,55,CasualUK,ithrewmypie
cpv1zn,Aldi sportswear. I'd think about it.,[deleted],https://imgur.com/XOEth1y,1565711663.0,315,0.97,36,CasualUK,[deleted]
cpuhxw,Wh..what?,,https://i.redd.it/epjn4gwtf8g31.jpg,1565709212.0,85,0.96,17,CasualUK,Nuclear_Night
cpuehr,Didn‚Äôt fit the rules of r/OldSchoolCool but I thought you lot might like it. My great-grandads driving licence from back in the day! Anyone else have any cool bits like this from relatives?,,https://i.redd.it/z3f1ymbke8g31.jpg,1565708789.0,161,0.99,37,CasualUK,[deleted]
cpsdmb,Who's Nicest Online?,,https://i.redd.it/ond3apfe16g31.jpg,1565698922.0,569,0.99,189,CasualUK,jck239
cprtv3,Captain Birdseye has fallen on hard times,,https://i.redd.it/nbddwdi7c7g31.jpg,1565695886.0,470,0.99,18,CasualUK,jacoblb_
cprr67,There are certain things you know you can only find in ALDI,,https://i.redd.it/8qol2dmoa7g31.jpg,1565695414.0,934,0.99,40,CasualUK,FreddieFingers1
cpqvha,"Not sure if good guy, or an elaborate ruse",,https://i.redd.it/mmx848zdt6g31.png,1565689611.0,88,0.97,23,CasualUK,E-RaticArtist
cpqsq1,Commute ride home last night was rather lovely,,https://i.redd.it/4q12h68vr6g31.jpg,1565689047.0,133,0.99,7,CasualUK,aperijove
cpqd88,"After a week backpacking in Europe I had the blessed fortune of finding the Cologne ""English shop"".",,https://i.redd.it/5ee7b0mti6g31.jpg,1565686004.0,206,0.95,65,CasualUK,HD_Harold
cpqayk,Commuting through the South Downs is always pretty,,https://i.redd.it/qe8a3g7eh6g31.jpg,1565685548.0,134,0.98,16,CasualUK,PM_ME_BEEF_CURTAINS
cpq45e,Herd Groyne Lighthouse,,https://i.redd.it/yemmrx05d6g31.jpg,1565684164.0,55,1.0,11,CasualUK,jms198
cpplmd,Block party in Vauxhall this morning...,,https://i.imgur.com/hT9P6HZ.jpg,1565680553.0,235,0.98,55,CasualUK,Legendary212
cpp3iw,English countryside,,https://i.imgur.com/1ORCaVN.jpg,1565677101.0,356,0.98,22,CasualUK,Wanderlusthisearth
cpom92,Anyone up for it?,,https://i.imgur.com/Ru5nx0M.jpg,1565673908.0,103,0.98,26,CasualUK,[deleted]
cpkq42,Everything the light touches is hers,,https://i.redd.it/u7efri7iu3g31.jpg,1565653618.0,131,0.99,10,CasualUK,[deleted]
cpi0gl,Definitely a British form.,,https://i.redd.it/nqycl9tex0g31.jpg,1565641344.0,247,0.99,23,CasualUK,liam_-
cphbfr,This crazy UK weather has made my cucumbers look like the Hulk has sent me a rude photo!,,https://i.redd.it/kj87l4r5l2g31.jpg,1565638364.0,240,0.96,22,CasualUK,Impossimal
cphaat,I found this old Sainsbury‚Äôs shoe polish at my girlfriends Nan‚Äôs house,,https://i.redd.it/o5td3gcnk2g31.jpg,1565638222.0,58,0.95,15,CasualUK,[deleted]
cph36g,I went away for a week and my courgettes blew up,,https://imgur.com/JANdpe7,1565637378.0,147,0.99,26,CasualUK,Shoujo
cpgp0t,3 HR home was worth this one moment,,https://i.redd.it/vkm27ce8d2g31.jpg,1565635713.0,83,0.97,7,CasualUK,jinkson1984
cpf94p,My little girl is due in November and my in-laws are non stop knitting.,,https://i.redd.it/igbhg4wxu1g31.jpg,1565629553.0,110,0.9,21,CasualUK,clearcasemoisture
cpf3i2,This missing panel at the Bullring in Birmingham,,https://imgur.com/ynhShwp,1565628885.0,64,0.93,23,CasualUK,thefusionninja
cpeukp,Some Tesco pickled onions on a tree stump in Birmingham.,,https://i.redd.it/p2fba4yrp1g31.jpg,1565627810.0,217,0.92,25,CasualUK,[deleted]
cpetsx,I think this cash machine in Portsmouth cascades shopping centre was over promising,,https://i.redd.it/gwlibopip1g31.jpg,1565627723.0,76,0.96,12,CasualUK,friendlypelican
cpegx5,I never thought that I‚Äôd ever have to seriously explain to someone why a railway line is not a public footpath. Today was the day...,"Homeward bound, driving a train on the last bit of my job back to the station where I‚Äôm based; there have been a few irritating little niggles but generally all is well with the world. 

We stop at a station, and whilst we‚Äôre there, the cab radio rings - the signalman wants to talk to me. He‚Äôs had a report of trespassers from a driver coming the other way, tells me where they were seen, cautions me through the affected section and asks me to tell him if I see anyone. Relatively normal stuff, especially for the school holidays - usually it‚Äôll be someone taking a shortcut that they know they shouldn‚Äôt, and they‚Äôll be long gone by the time the next train gets there.

I trundle round under the bridge that was given as the location. Nothing to be seen, but a few minutes have passed so I keep at caution for a little while longer just in case they‚Äôve moved on. Suddenly, under a footbridge further on, there they are! I sound the horn, they look around and quickly disappear from view. Unexpectedly, as I get closer, they come back into view, standing on the alignment of what used to be another line parallel to mine. It‚Äôs an 80mph line, by the way, and normally we‚Äôd be getting up to that sort of speed by now.

Naturally, I stop, to challenge them and work out what to do next. I ask them what they‚Äôre doing, and one replies ‚Äúwalking home, innit‚Äù. I point out the obvious, that it‚Äôs a railway line, that they shouldn‚Äôt be there and that I‚Äôd very much appreciate it if they‚Äôd clear off. ‚ÄúNah mate, it‚Äôs a public footpath this, I walk this way home every day.‚Äù No, it‚Äôs not a public footpath, it‚Äôs a railway, you‚Äôre trespassing and the police will almost certainly be involved now. ‚ÄúNah, it‚Äôs a public footpath. Why else would they put a bridge across?!‚Äù. I suggest that perhaps the footbridge is to allow people to walk from one side of the railway to the other, but he disagrees - it‚Äôs definitely so that they can climb over the fence, scramble down the bank and use that rough area next to the running line to walk to work. I tell him again to clear off and not to come back onto the railway again. ‚ÄúHow else can I get home? I do it every day!‚Äù, as he and his mate disappear up the bank and over the footbridge, clutching their tins of something vaguely resembling beer.

The joys of north Derbyshire...",https://www.reddit.com/r/CasualUK/comments/cpegx5/i_never_thought_that_id_ever_have_to_seriously/,1565626184.0,132,0.98,37,CasualUK,Late_Turn
cpedv7,Saw this in choosing beggars but thought it could go here too. Someone wanting a luxury week in London for ¬£50.,,https://i.redd.it/ruzfrbu071g31.jpg,1565625849.0,78,0.93,23,CasualUK,dunnowhatredditis
cpe8ld,Some squashed pennys i have collected over the years,,https://i.redd.it/84ktxj9xh1g31.jpg,1565625205.0,91,0.98,23,CasualUK,thisiscotty
cpdqzz,"Have you seen my pet budgie (GREEN) around the Middlesex, Hayes area? It flew out about half an hour ago and it has its winged clipped so it can‚Äôt fly very far. It‚Äôs afraid of people and loud noises so if you see it, please be carefully and inform me right away please",,https://i.redd.it/vzsn131nb1g31.jpg,1565623053.0,78,0.95,19,CasualUK,werewolfcrap2bag
cpdqyp,Why put a lamppost in the middle of the path,,https://i.redd.it/d1hby2pkb1g31.jpg,1565623049.0,63,0.97,22,CasualUK,Dazed_And_MoreBooze
cpdgxk,Because you just never know when a pancake could attack!,,https://i.redd.it/052tgpcy71g31.jpg,1565621814.0,113,0.93,19,CasualUK,MogoSapien88
cpcokc,Jodie Marsh got a tattoo of Chris Kamara eating a Cornetto. Unfortunately it was actually meant to be Freddie Mercury at Live Aid. The comments on Insta/Twitter are absolute comedy gold,,https://i.redd.it/pvv92wsow0g31.jpg,1565618025.0,293,0.99,64,CasualUK,octopus_dance_party
cpciym,Got a little pasty tattoo so I can always remember my first visit to Cornwall :),[deleted],https://i.imgur.com/Q5xQqZ2.jpg,1565617230.0,103,0.9,30,CasualUK,[deleted]
cpcbml,Someone left the cake out in the rain...,,https://i.redd.it/a9h6o6x8r0g31.jpg,1565616195.0,100,1.0,20,CasualUK,the_heff
cpc7po,When you gotta tea you gotta tea,,https://i.redd.it/xw8w2xfdp0g31.jpg,1565615626.0,446,0.99,39,CasualUK,Khalid147
cpbxog,Me and my mates run a PL predictions league every season. This year I designed the results spreadsheet with a nostalgic twist.,,https://i.redd.it/vy2wbp5tk0g31.jpg,1565614173.0,68,0.92,18,CasualUK,funkyjim
cpbj6r,"Not sure which supermarket this one's supposed to be from, doesn't have any branding on it.",,https://i.imgur.com/QqOEa8j.jpg,1565611922.0,328,0.99,18,CasualUK,TheSaucyCrumpet
cpb8t3,Anyone else constantly wondering if this is meant to spell something out??,,https://i.redd.it/vk8j0thc90g31.jpg,1565610230.0,66,0.95,31,CasualUK,ScrotalApocalypse
cpazac,"So you want me to star in it. Write the theme toon, sing the theme toon...",,https://imgur.com/HfZ0s0L.jpg,1565608594.0,802,0.98,32,CasualUK,26326312
cpa2io,Calm down BBC it's Monday morning,,https://i.imgur.com/XzcXneo.jpg,1565602412.0,35016,0.96,380,CasualUK,cheese_without_toast
cp9cfu,Sunset on the tracks,,https://i.redd.it/4u1q7j276zf31.jpg,1565597053.0,200,0.97,17,CasualUK,EffityJeffity
cp8w5q,I went to Chester Zoo yesterday...,"It was a cracking day even though it was a little busy. We checked the feeding times before we went as I really wanted to watch the lions being fed. I have to say though, I was very shocked to see exactly what the lions were fed as was everybody else gathered around the enclosure. Without warning, the zookeeper propped up a large ladder, grabbed a penguin out of nowhere, went up the ladder whilst holding the penguin and hurled it over the fence. There were gasps all around and I wasn‚Äôt really sure what was going to happen next. But, as suspected, the lion ran over, took the wrapper off and ate it. 


I‚Äôll get my coat.",https://www.reddit.com/r/CasualUK/comments/cp8w5q/i_went_to_chester_zoo_yesterday/,1565593731.0,439,0.93,51,CasualUK,umpstalumpsta
cp8u93,Sensible present or dinosaur? x,,https://i.redd.it/omvw59wevyf31.jpg,1565593390.0,242,0.99,44,CasualUK,[deleted]
cp8p25,Letter written by an English smuggler after his ship was seized in 1700.,[deleted],https://i.redd.it/6kzi029gsyf31.jpg,1565592392.0,603,0.99,91,CasualUK,[deleted]
cp85bw,Starting the day right!,,https://i.redd.it/hutn37wbhyf31.jpg,1565588646.0,115,0.89,34,CasualUK,realRishabhSagar
cp3m68,Is A Question of Sport really dull or is it just me?,[deleted],https://www.reddit.com/r/CasualUK/comments/cp3m68/is_a_question_of_sport_really_dull_or_is_it_just/,1565563464.0,53,0.96,30,CasualUK,[deleted]
cp3jxp,Cheers!,,https://v.redd.it/hkc7rb2ddwf31,1565563154.0,146,0.92,33,CasualUK,i-am-dan
cp3ezm,I have just eaten an entire Arctic Roll.,AMA.,https://www.reddit.com/r/CasualUK/comments/cp3ezm/i_have_just_eaten_an_entire_arctic_roll/,1565562462.0,65,0.93,51,CasualUK,[deleted]
cp3496,At 36 years old I've just twigged that Penguins are just chocolate coated bourbons.,Can't believe I never saw it before.,https://www.reddit.com/r/CasualUK/comments/cp3496/at_36_years_old_ive_just_twigged_that_penguins/,1565561027.0,240,0.98,52,CasualUK,Mish106
cp2w58,‚ù§Ô∏è,,https://i.redd.it/zpjmqojz3wf31.jpg,1565559945.0,354,0.97,23,CasualUK,kerwapple
cp25ch,"I found an old, quietly desperate tourist information badge for Luton",,https://imgur.com/0bWsXtI,1565556485.0,75,0.96,17,CasualUK,fictional_doberman
cp1yjd,Chubb‚Äôs Customer Service number is 0800 32 1666. The Great Fire of London was in 1666.,,https://i.imgur.com/OPtBDZh.jpg,1565555577.0,219,0.97,24,CasualUK,twoshillings
cp1rbe,"(Almost) double rainbow tonight, Cirencester.",[deleted],https://i.redd.it/fry83y67ovf31.jpg,1565554638.0,439,0.97,23,CasualUK,[deleted]
cp1ijt,A moody evening here in the South East. What's the evening like in your area?,,https://i.imgur.com/7Pm6OwU.jpg,1565553490.0,74,0.93,12,CasualUK,Parkatine
cp14o1,Just wanted to share how proud I am of my little brother and his work mates for doing the Mumbles lifeboat race today.,,https://i.redd.it/h7rifhigfvf31.jpg,1565551696.0,74,0.89,5,CasualUK,[deleted]
cp120d,Nah mate. Blue Peter did it first!,,https://i.redd.it/ty4q5urjhtf31.jpg,1565551367.0,159,0.96,9,CasualUK,odiedodie
cp0b6y,"Probably going to get obliterated for this attempt at a full breakfast, but I did my best with the products I could get here in Texas.",,https://i.redd.it/uoncopt34vf31.jpg,1565547896.0,6808,0.94,800,CasualUK,harryjames575
cozaxp,Binned his car dodging a badger. Next to tea skips sooth everything.,,https://i.redd.it/7ezyfp7alsf31.jpg,1565543188.0,52,0.88,8,CasualUK,richh00
coyafh,Is it a bit mean that I find this hilarious?,,https://i.redd.it/tze75txsbuf31.jpg,1565538362.0,7277,0.98,204,CasualUK,VikramMukherjee
coxuv4,When black mirror came to Croydon,,https://i.redd.it/74dm98li5uf31.jpg,1565536246.0,71,0.93,9,CasualUK,[deleted]
coxrhl,A few 50p‚Äôs I have gathered,,https://i.redd.it/mlsezzc64uf31.jpg,1565535799.0,117,0.96,31,CasualUK,osrsslay
cowz1z,Casual UK: Festival edition,,https://imgur.com/IcaKvUQ,1565531569.0,91,0.93,10,CasualUK,walktalkdonothing
cowkoe,Imagine pulling back the bathroom curtain to find this...,,https://i.redd.it/t0v00d8iktf31.jpg,1565529182.0,540,0.98,25,CasualUK,Pyrocitus
cowk4c,"One of my rats is asleep on the other, comfort level 100",[deleted],https://i.redd.it/wb920em3ktf31.jpg,1565529083.0,147,0.92,13,CasualUK,[deleted]
cowj7z,Interesting thing I just discovered in the ladies: Boots can now test for and treat UTIs without the need to see a GP,[deleted],https://i.redd.it/8miy776qjtf31.jpg,1565528920.0,151,0.99,27,CasualUK,[deleted]
cowhk6,Save Britain‚Äôs wildlife!,[deleted],https://i.redd.it/n3u23lkvitf31.jpg,1565528637.0,137,0.95,7,CasualUK,[deleted]
cowcx0,Cheeky trip to the Natural History Museum,,https://i.redd.it/ehi6z1dhgtf31.jpg,1565527829.0,270,0.93,49,CasualUK,northern-down-south
cowcn2,This is not a system that inspires confidence.,,https://i.redd.it/ywwv8u5bgtf31.jpg,1565527782.0,68,0.95,35,CasualUK,Marilliana
cow8jo,Still in use. Think this is the oldest post box I‚Äôve seen.,,https://i.redd.it/tl8c1g52etf31.jpg,1565527038.0,233,0.97,31,CasualUK,vbloke
cow5az,Aparently this is a stuffed crust by Pizza Hut,,https://i.redd.it/nfulkqlcctf31.jpg,1565526441.0,50,0.9,21,CasualUK,Cerone88
cow2bu,Smallest statue in London. [X-post from /r/London],[deleted],https://i.redd.it/w3qu6bdnalf31.jpg,1565525872.0,129,0.96,6,CasualUK,[deleted]
cow0su,The missus prepping her army on how to invade people's breakfasts,,https://i.redd.it/mzr6x5ym9tf31.jpg,1565525560.0,1097,0.98,17,CasualUK,Hessenuk
covxlw,Give me a blow by blow commentary of how this fight would go. Also the odds.,,https://i.redd.it/hq5cytux7tf31.jpg,1565524955.0,93,0.96,21,CasualUK,ExploreEdinburgh
covvbo,Get the London look,,https://i.redd.it/t2oeckyl6tf31.jpg,1565524506.0,189,0.98,16,CasualUK,why_so_cereal_
covo34,"Charged up my old brick phone, went through my old pictures and found this beauty from a scout camp on Brownsea Island.",,https://i.redd.it/frj4hdjx1tf31.jpg,1565523017.0,119,0.98,9,CasualUK,GrandDukeOfNowhere
covk7a,"Eid al-Adha Mubarak, r/CasualUK!",,https://www.reddit.com/r/CasualUK/comments/covk7a/eid_aladha_mubarak_rcasualuk/,1565522203.0,99,0.79,9,CasualUK,[deleted]
covced,I was looking at the reviews of the British Library when...,,https://imgur.com/JdIuyWV,1565520484.0,311,0.97,18,CasualUK,meazflash
covadi,Getting sick of this gang hanging out in the subway,,https://i.redd.it/2ol7d977tsf31.jpg,1565520009.0,285,0.98,17,CasualUK,Baby__Faced_Assassin
cov2un,Saw this gem while driving this morning.,,https://i.redd.it/3cud9m14osf31.jpg,1565518286.0,393,0.97,31,CasualUK,Balwood
couz1n,One of the best Womens‚Äô football writers there is has gone missing. Please share around and especially if you are in London or the surrounding areas.,[deleted],https://i.redd.it/ktlgy0lnlsf31.jpg,1565517460.0,499,0.94,0,CasualUK,[deleted]
couhya,Guess I‚Äôll use the ladies then,,https://i.redd.it/qmlqtrnd9sf31.jpg,1565513334.0,52,1.0,4,CasualUK,sniffmyear
cotxc8,Just looked up from my breakfast to this,,https://i.redd.it/9yp4i1mk7pf31.jpg,1565508464.0,37721,0.95,712,CasualUK,Pyrocitus
cotoxf,Preventing Jaffa crimes,,https://i.redd.it/mhfk6mwgprf31.jpg,1565506637.0,487,0.98,15,CasualUK,fingerbowlsoup
coop5r,Can‚Äôt Afford Alexa or Smart Bulbs? Try This Handy Alternative!,,https://v.redd.it/nipclws9dnf31,1565476404.0,88,0.96,9,CasualUK,Mr_Mortus
coohzl,Local markets do not fuck around.,,https://i.redd.it/2pww2xsh2pf31.jpg,1565475395.0,56,0.97,13,CasualUK,WhatDoYouWantNowKid
coo7ps,You can tell if you're in a rough pub if they fit the toilet with an anti cocaine device,,https://i.redd.it/je97ywn70pf31.jpg,1565473965.0,157,0.97,49,CasualUK,KoolKarmaKollector
cons1i,Our hotel in Cardiff came through with the special request.,,https://i.redd.it/8q6v5jfwtof31.jpg,1565471806.0,99,0.93,12,CasualUK,naffyButler
conqjz,Wonder if Harry‚Äôs neighbours know...,,https://i.redd.it/l7de9h49tof31.jpg,1565471587.0,54,0.92,11,CasualUK,gdcurl
comrvp,"Ahh Yes, the M6 Junction 7 really is the must visit destination of 2019...",,https://i.redd.it/wkw3bw04fof31.png,1565466896.0,84,0.93,9,CasualUK,coastermitch
commqh,"Thank you Franco Manca for the pizza. Tomato, mozzarella and A basil.",,https://imgur.com/oPwpdMU,1565466186.0,58,0.89,15,CasualUK,Shit_Lordstrom
comaht,The aftermath of family ‚Äúhelping‚Äù with the washing up,,https://i.imgur.com/HE49pg0.jpg,1565464571.0,83,0.93,20,CasualUK,notbittynowbittylatr
com7lq,VW Festival 2019,,https://i.redd.it/bnyurbh67of31.jpg,1565464178.0,51,0.93,7,CasualUK,[deleted]
com7bu,Nottingham station has directions to the nearest pub,,https://imgur.com/XJnpnww,1565464145.0,82,0.96,17,CasualUK,GHolding
colg9b,I've enlisted the help of a small Glaswegian lassie to clear my garden path.,,https://i.redd.it/d9bco1bfwnf31.jpg,1565460555.0,136,0.92,16,CasualUK,Fingerbob73
colaip,Just saw Elvis alive and well at the petrol station,[deleted],https://i.redd.it/vilg4ic5unf31.jpg,1565459796.0,145,0.97,17,CasualUK,[deleted]
cokof1,Pulling into Waitrose in my Ferrari to pick up some essential groceries,,https://i.imgur.com/MnoZtu3.jpg,1565456915.0,81,0.92,40,CasualUK,Tinie_Snipah
coknae,"This legend- Sir Ian McKellen was in Perth Pride and he lead the parade, I was lucky enough to be just behind him in the march.",,https://i.redd.it/97tup1l6lnf31.jpg,1565456772.0,524,0.94,27,CasualUK,sparksqueen
cojps3,The tardigrades that crashed on the moon are thriving,,https://i.redd.it/pjkrwam28nf31.jpg,1565452357.0,1787,0.99,35,CasualUK,jackanakanory_30
coizkh,Ran into these guys in Durness last week,,https://i.redd.it/b3ndvk8cxmf31.jpg,1565448748.0,49,0.93,20,CasualUK,karlmarx_moustache
coiqlu,The new Danny Dyer entertainment system,,https://v.redd.it/px62fm6dtmf31,1565447470.0,400,0.97,38,CasualUK,campbelljaa
coi5zj,Come on children. Let's see an actual fucking nightmare at the local shopping centre!,,https://i.redd.it/m4aicj3fkmf31.jpg,1565444404.0,263,0.97,32,CasualUK,HarryGoLocky
coi5fe,"Have the train all to myself (besides SWR staff of course), but will still sit quietly and behave appropriately as that's proper train etiquette",,https://i.redd.it/42gsh2u3kmf31.jpg,1565444312.0,108,0.97,14,CasualUK,johnlen1n
cohudg,Elephant Armour - Royal Armouries Leeds.,,https://imgur.com/TMeWr91,1565442639.0,134,0.99,13,CasualUK,[deleted]
cohpva,Serving a customer at Sainsbury's and the guy starts laughing. Turns out Deluxe Nuts Assorted Mix is shortened horribly,,https://i.imgur.com/bEhI7al.jpg,1565441933.0,1519,0.99,63,CasualUK,vali_IVotM
cohp6x,...And now my pond is complete...,,https://i.redd.it/9wk4vgklcmf31.jpg,1565441823.0,11814,0.98,115,CasualUK,HettySwollocks
coh80l,The Helter Skelter in Norwich Cathedral,,https://i.redd.it/sqat8a9p3mf31.jpg,1565438789.0,296,0.97,26,CasualUK,guarding_dark
coh590,Having a fry up with the boy whilst the wife is at work. Can't stop me eating unhealthy food now!,,https://i.imgur.com/6jRi2fs.jpg,1565438288.0,340,0.93,97,CasualUK,richh00
cogo89,Didn‚Äôt realise we were turning into American conspiracy theorists. Found above a service station urinal,,https://i.redd.it/okxhui7wrlf31.jpg,1565434821.0,146,0.94,66,CasualUK,sivadhash
cogi4v,Polite notice outside a pub.,,https://i.redd.it/uvry9t6xnlf31.jpg,1565433476.0,309,0.99,15,CasualUK,ultrasarcasm
cofzmr,At work this morning and got knocked back into the early 2000's and looking for a pick n mix,,https://i.redd.it/rzdcccrpblf31.jpg,1565429374.0,253,0.98,16,CasualUK,scottishguy1616
cofx82,"I had some misgivings about this holiday park, until I saw the quality of entertainment available",,https://i.redd.it/a2fhvn07alf31.jpg,1565428865.0,79,0.95,28,CasualUK,localgasgiant
cofqiz,California Vs Coventry,,https://gfycat.com/hotjadedcivet,1565427395.0,729,0.95,46,CasualUK,payneoooo
cofag3,Wholesome messages from SWR this morning! üè≥Ô∏è‚Äçüåà,,https://i.redd.it/qihi46ydvkf31.jpg,1565423878.0,167,0.82,7,CasualUK,itanewdayshinebright
cof7ng,A powered down train - sadly from the inside,,https://i.redd.it/9rl1oxgktkf31.jpg,1565423268.0,521,0.99,58,CasualUK,Applezooka
codwiu,Our future poet laureate.,[deleted],https://i.redd.it/1utbjf2s1kf31.jpg,1565413920.0,15940,0.95,341,CasualUK,[deleted]
codtlx,"To everyone working in SE rail stations last night, thank you!","Hoping that this gets read by any train drivers and station staff after the horrific times down Kings Cross and stations further north. 

In the face of a frustrated British public who just want to get home on a Friday night, proper appreciate the amount of staff I spoke to who were coming in at short notice, on their time off, to assist people at the station. 

So yeah, just wanted to say cheers and hope you all know through the minority of angry commuters, there's many who appreciate the work you do in chaotic times like this :)",https://www.reddit.com/r/CasualUK/comments/codtlx/to_everyone_working_in_se_rail_stations_last/,1565413411.0,63,0.91,12,CasualUK,RyanGUK
codk5c,"Surely this is illegal? (Coworkers mug, yes he drinks out of it on a daily basis)",,https://i.redd.it/lp7i6dlbvjf31.jpg,1565411755.0,234,0.95,86,CasualUK,scraplog
coap7n,"Back when health and safety wasn't a thing, and lamb's tongues were",,https://i.redd.it/5h7kdvhpiif31.jpg,1565395399.0,88,0.89,12,CasualUK,TheRealCaptainHammer
co9mqt,Simply amazing.,,https://v.redd.it/6rgiz5eg1hf31,1565389929.0,716,0.98,49,CasualUK,Heps_417
co8llp,Saw this on the motorway today.,,https://i.redd.it/fg6jhmixnhf31.jpg,1565385051.0,65,0.97,14,CasualUK,[deleted]
co8gl2,Just a lab ordering at the pub.,,https://i.redd.it/rjc5ixj2mhf31.jpg,1565384426.0,598,0.97,31,CasualUK,aloubat
co8ba6,Modern Art installation down the end of my road. We truly live in such cultures times.,,https://i.redd.it/3drb2tf1khf31.jpg,1565383749.0,76,0.96,11,CasualUK,fossilmerrick
co83sb,"I drew the queen as one of these... so, enjoy looking at it",[deleted],https://i.redd.it/90c8y9g0hhf31.png,1565382799.0,294,0.94,25,CasualUK,[deleted]
co7yow,LGBT Building Site in Woking,,https://i.redd.it/5lyv1pmcfhf31.jpg,1565382166.0,98,0.87,13,CasualUK,buttholdestr0yer
co7y7t,"Somebody's getting fired at the BBC, huge error",,https://i.redd.it/2ak4mey5fhf31.jpg,1565382112.0,116,0.98,17,CasualUK,smiffington11
co7e38,After all this time I can explain to the rest of the world where exactly Great Britain is. Turns out it's just outside Rochdale.,,https://imgur.com/7a6g7nM.jpg,1565379608.0,57,0.91,14,CasualUK,featurenotabug
co6xov,"The Smallest House in Great Britain, Conwy, North Wales.",[deleted],https://i.redd.it/xqx1qq0p1hf31.jpg,1565377573.0,83,0.97,28,CasualUK,[deleted]
co6xcy,"Huge respect for Dean the DPD man, he‚Äôs been on the go since 10 this morning!",,https://i.redd.it/elcrmmnk1hf31.jpg,1565377531.0,138,0.95,38,CasualUK,CosmoPrincess
co6rl7,"I've found God, Lads.",,https://i.imgur.com/U3EfCQy.jpg,1565376832.0,58,0.86,11,CasualUK,BanginDrumsNMums
co6d6g,Thomas the tank engine strikes,,http://i.imgur.com/uy2qXjh.gifv,1565375066.0,101,1.0,17,CasualUK,BBlack1618
co5kvt,Clearly see the impact the powercuts are having in these photos,,https://i.redd.it/7o55qtm6kgf31.png,1565371688.0,2256,0.99,40,CasualUK,ShrekWasMyIdea
co4n0j,Just another day on the beach,[deleted],https://i.redd.it/cpjloqo48gf31.jpg,1565367628.0,155,0.97,16,CasualUK,[deleted]
co3uec,I thought you all might enjoy this British version of the YCMA (by Alex Horne and the Horne Section),,https://youtu.be/ztExQMlplPU,1565364161.0,54,0.94,6,CasualUK,deviantmoomba
co33cs,I don‚Äôt think a panorama better describes everyday british weather...,,https://i.redd.it/r5nf61f5nff31.jpg,1565360781.0,213,0.98,8,CasualUK,Jcb-Sm
co2sht,Why is my Bourbon the shape of a Custard Cream,,https://i.redd.it/lu8vzjxijff31.jpg,1565359357.0,66,0.94,22,CasualUK,P_For_Pancetta
co2s9f,Does anyone else ask their pet questions?,"I often find myself asking our cat things like ""what's up?"", ""where've you been?"", ""what's the matter?"" and every time she just looks at me like the idiot I am, not that I'm surprised..",https://www.reddit.com/r/CasualUK/comments/co2s9f/does_anyone_else_ask_their_pet_questions/,1565359334.0,105,0.95,65,CasualUK,jauntiestman
co2mw2,Better tell the missus‚Äô I‚Äôm off out for the afternoon.,,https://i.redd.it/108c06w2hff31.png,1565358593.0,372,0.98,30,CasualUK,[deleted]
co25lu,I'm intrigued - did anyone watch this?,,https://i.redd.it/layikmd4aff31.jpg,1565356194.0,94,0.95,19,CasualUK,I_Frunksteen-Blucher
co22ls,A swan trail I see every morning,,https://i.redd.it/1beo4y838ff31.jpg,1565355774.0,287,0.99,16,CasualUK,Mahwrin-Skel
co1wa1,Does anyone have any clue why there is a squirrel with a monocle and a bowler hat on this bag of Walkers Ready Salted crisps?,,https://i.redd.it/h7tquv346ff31.jpg,1565354845.0,70,0.96,31,CasualUK,I_Miss_Iain
co1nsu,Poor chap,,https://i.redd.it/ifm06df72ff31.jpg,1565353532.0,12362,0.98,196,CasualUK,olliewolliesam
co1gaz,"I've been in all day waiting for a parcel. This arrives out of no where. It is currently 1pm, but the card says 2pm?",,https://i.redd.it/4ydkzpqlyef31.jpg,1565352361.0,96,0.94,23,CasualUK,bubblegummustard
co0w0k,Would anybody like some Herpes and spices with their curry?,,https://i.redd.it/hzuiuhsloef31.jpg,1565348961.0,455,0.98,27,CasualUK,millsytime
co0rav,Somebody‚Äôs at the door,,https://v.redd.it/8n2snst9mef31,1565348185.0,77,0.92,18,CasualUK,scr0tiemcboogerba11s
co0gyi,Are Smarties calling us thick?,,https://i.redd.it/7i9tl3brgef31.jpg,1565346318.0,191,0.97,40,CasualUK,nitehawkxplode
co0c54,Down in Bude for a small holiday and the Mrs and I have a view of the famous Bude Tunnel from our hotel room. Sod off with your inferior sea views,,https://i.imgur.com/4K3Gok6.jpg,1565345465.0,795,0.99,48,CasualUK,BrkBid
cnzs9u,The recycling guide in the finance dept kitchen. What do accountants get up to?!,,https://i.imgur.com/VFCP23S.jpg,1565341643.0,79,0.92,43,CasualUK,Mornshadow
cnz8hb,What's the best way you've taken the piss with a telemarketer?,"Mine: Some foreign guy called me while at work. Wanted to sell me life insurance. I had a bit of time free so thought fuck it, I'm gonna have some fun. Asked me if I was interested, I said yeah sure. 

""Do you travel abroad much sir?""

""Yes""

""Ok and how often do you travel sir?""

""Oh at least five times a week""

""Wow sir, that is a lot. Ok and sir do you have insurance currently?""""

""Yes""

""And how much is that insurance sir?""

""Oh, probably like, two million pounds?""

""Sir you cannot have that much insurance""

""I totally have two million pound insurance""

""Sir you cannot""

""Oh""

""Sir what is your profession?""

""I'm a spy""

""...""

""Hello?""

""Sir I think you are playing games with me.""

""What? No?""

""Sir what do you work as?""

""I work for the government""

""And how much life insurance do you currently have""

""Two million pounds""

He hung up after that. It was fun.",https://www.reddit.com/r/CasualUK/comments/cnz8hb/whats_the_best_way_youve_taken_the_piss_with_a/,1565337532.0,123,0.95,87,CasualUK,anagoge
cnz84y,"I've taken this picture yesterday, just outside windermere, lovely weather and great scenery. Today however is back to normal, cold and rainy. We Love Lake District lol",,https://i.redd.it/ilyws95eqdf31.jpg,1565337454.0,73,0.91,10,CasualUK,me-david
cnys1x,"Following my post on Wednesday, I have discovered biscoff spread. It's incredible.",,https://imgur.com/93EVeZc,1565334287.0,1452,0.97,218,CasualUK,[deleted]
cnvzjk,My dad at a fancy dress party in his 20s,,https://i.redd.it/3a7pr0xm3cf31.jpg,1565317690.0,265,0.94,19,CasualUK,lozangelol
cnrjd0,Snapple truly educates,,https://i.redd.it/v5b1voas47f31.jpg,1565296263.0,147,0.9,34,CasualUK,BafflingBritishBoy
cnrc0x,One of you guys must have fallen for this,,https://i.redd.it/fyqgmvsc9af31.jpg,1565295402.0,71,0.96,23,CasualUK,Scrambledme
cnrc0r,"Yesterday I visited Redcar British Steel, the least-used railway station in the UK",,https://i.redd.it/eyosnzfc9af31.jpg,1565295401.0,303,0.99,57,CasualUK,C_von_Hotzendorf
cnqwlx,"Kate Middleton tries to get daughter Princess Charlotte to wave at the crowd, but she has other ideas...",,https://streamable.com/cp9h7,1565293567.0,170,0.91,29,CasualUK,pegi3
cnqul2,"According to Culture Wizard, these are the 7 faux pas a foreigner may with to avoid if staying or working in the UK.",,https://i.redd.it/4yzz5r903af31.png,1565293320.0,109,0.97,40,CasualUK,Ginsoakedboy21
cnqf3p,The comic book series of my childhood,,https://i.redd.it/n46tabznx9f31.jpg,1565291483.0,381,0.98,24,CasualUK,TheAshInTrash
cnqekw,These Kermmits have had a tough shift.,,https://i.redd.it/oqp0lowgx9f31.jpg,1565291426.0,2892,0.99,111,CasualUK,Haveyouseenmyshoes
cnq94l,Recycling Intensifies,,https://i.redd.it/fh3vqlenv9f31.jpg,1565290793.0,769,0.99,44,CasualUK,British_Monarchy
cnq5iz,Didn't know where this was going...,,https://i.redd.it/zbqzqssau9f31.png,1565290347.0,74,0.95,4,CasualUK,leakee2
cnpsvw,A local pub in Hove keeps steel beer mugs behind the bar for local regulars who own them. So casual.,,https://i.redd.it/dherki5up9f31.jpg,1565288838.0,150,0.96,42,CasualUK,The1Reader
cnoydz,The nearest Morrisons supermarket is 1.2 miles away.,,https://i.redd.it/c8vur776f9f31.jpg,1565285256.0,72,0.96,10,CasualUK,zetecvan
cnoggb,Someone‚Äôs been putting up fake flyers near me with plans of a Nuclear Reactor. The Council got involved...,,https://i.redd.it/f412ml2z89f31.jpg,1565283164.0,82,0.98,23,CasualUK,Willyamsss
cno73f,Why isn‚Äôt this a thing back home?,,https://i.redd.it/wnuaswbp59f31.jpg,1565282069.0,119,0.98,33,CasualUK,DeadYen
cnniq6,"50 years ago today, one of the most iconic album covers of all time was created",,https://www.thesundaily.my/binrepository/441x432/0c0/0d0/none/11808/UTCB/abbeyroad-4ade3121216-original_549112_20190808182107.jpg,1565279121.0,274,0.93,50,CasualUK,LloydCole
cnm3ig,Please look after this bear,,https://i.redd.it/2i6x2qk5d8f31.jpg,1565272465.0,265,0.97,11,CasualUK,supaypawawa
cnlejv,Spotted on a house in York...,,https://i.redd.it/rs0m0yo038f31.jpg,1565269055.0,1507,0.99,48,CasualUK,Crawfy
cnlcxs,"How do you eat Kiwis? I've seen people eat one like a furry plum, I prefer to eat it like a citrusy soft boiled egg. Is this a regional thing and are there any more methods?",,https://www.reddit.com/r/CasualUK/comments/cnlcxs/how_do_you_eat_kiwis_ive_seen_people_eat_one_like/,1565268836.0,64,0.96,55,CasualUK,92Grapes
cnl3li,On the back of the mens toilet door in my workplace ..,[deleted],https://i.redd.it/x2iixwkey7f31.jpg,1565267506.0,205,0.95,28,CasualUK,[deleted]
cnl368,Just how it is in England,,https://i.redd.it/gm0xnxtp55f31.jpg,1565267438.0,203,0.95,5,CasualUK,StonyTark3000
cnklt4,The games are alright but this is abit much,,https://i.redd.it/24nal9xcq7f31.jpg,1565264808.0,274,0.95,31,CasualUK,whoknewexceptme
cnk9h1,My local Asda's new layout is just SO intuitive!,,https://i.imgur.com/AGm4ciq.png,1565262822.0,495,0.99,23,CasualUK,Pesto_Power
cnjlws,I'm an American starting my first job in the UK...,"I was just informed that my holiday that I'm taking at the end of the month is going to be paid?? What the hell? Apparently I'm entitled to up to six weeks holiday, how am I supposed to find time to use all of this? In my previous jobs I only took off two weeks a year, and that was unpaid. I'm honestly shocked. I had a few weeks that I'll need off in the next few months, which I already informed my boss about. I assumed that I'd just be taken off of the rota for that time and not paid. I almost feel guilty now that I know I'll be paid.

&amp;#x200B;

God, I love this country. I might try a sausage roll tomorrow.

&amp;#x200B;

Edit: Actually, I'm going to use all this attention to ask a legitimate question. I'm contracted for 8 hours per week. It says my holiday entitlement is 6 weeks pro-rated. Is this 6 weeks based off of my 8 hour contract, or 6 weeks pro-rated down from 40 to whatever I end up working? Because my manager was telling me that it's 6 weeks even as part-time, which isn't at all what I thought was the case.

Follow-up edit:

Wow!! I've made /r/popular, best day of my life.

For the many people who are wondering, I'm a law student here. That's how I've managed to get here and that's why I'm allowed to work. Americans can use US federal (FAFSA) loans to pay for their education here, just like in America. You can use Sallie Mae too if you hate yourself. Studying here (at any level) makes it so that employers are not required to jump through the usual hoops required for hiring foreigners during or after your studies, making studying a viable route to residence and eventual citizenship in the UK, provided you can find work after your studies. It's a lot more complicated than that, but that's the gist. If studying is not an option for you, I encourage you to check the shortage occupation list, which can grant some similar benefits if you can fulfill those jobs.

On a more drunk note: The A38 has claimed my FWB's car, thus postponing what should have been the crowning event of glory to this very successful day. Alas, the karma gods giveth, and the karma gods taketh. Pray for me in this dark time.",https://www.reddit.com/r/CasualUK/comments/cnjlws/im_an_american_starting_my_first_job_in_the_uk/,1565258626.0,6928,0.94,1250,CasualUK,Stormgeddon
cnjkfg,Only in England [Worcester],,https://imgur.com/iPeWvZD,1565258356.0,547,0.98,51,CasualUK,TheBombadillo
cnjfcp,Found this beautiful Elephant Hawk Moth in our garden this morning.,,https://i.redd.it/ugrp63fs37f31.jpg,1565257361.0,148,0.98,14,CasualUK,backnips
cnjamz,Tintagel Castle bridge opens today.,[deleted],https://i.redd.it/rllquo5f17f31.png,1565256453.0,833,0.99,76,CasualUK,[deleted]
cnj7o4,It‚Äôs international cat day,"Apparently it‚Äôs [International Cat Day](https://en.m.wikipedia.org/wiki/International_Cat_Day) so naturally we need [The Cat](https://imgur.com/a/Fzh0abH    )Get posting your cat tax folks!! [This](https://imgur.com/a/FTnUYdr) is my contribution, of about 5 minutes ago.

EDIT: oh wow gold! That is sweet, thank you kind stranger ‚ù§Ô∏è",https://www.reddit.com/r/CasualUK/comments/cnj7o4/its_international_cat_day/,1565255885.0,54,0.86,44,CasualUK,Variola13
cniy39,Truly a national tragedy,,https://i.redd.it/qkx88r59u6f31.jpg,1565254000.0,10986,0.97,325,CasualUK,Denaltro
cnixsc,Flying into Gatwick yesterday (over Surrey?),,https://i.redd.it/6xmc4jk0u6f31.jpg,1565253937.0,66,0.93,17,CasualUK,Loubo17
cnh8ea,Bristol Balloon fiesta starting. Darth Vader at the back.,,https://i.imgur.com/HD1OvqU.jpg,1565242304.0,256,0.98,30,CasualUK,SiameseDiaries
cnd3kz,The delivery guy drew a diagram of where he left my parcel,,https://i.redd.it/zlezjecyx3f31.jpg,1565218924.0,187,0.99,12,CasualUK,[deleted]
cncevj,A view of Corfe Castle with steam train in background,,https://i.redd.it/r9pwr5wvn3f31.jpg,1565215557.0,60,0.96,10,CasualUK,MellotronSymphony
cnbgui,"Pontsticill Reservoir, Merthyr Tydfil, Wales",,https://i.redd.it/m9mekyjka3f31.jpg,1565211066.0,64,0.98,9,CasualUK,lmoz25
cnasc4,Rush hour in North Somerset,,https://i.redd.it/k6zyt0ac13f31.jpg,1565207962.0,135,1.0,10,CasualUK,cbxcbx
cn9iub,Summer in one photo,,https://i.redd.it/ld5bmfj7k2f31.jpg,1565202194.0,461,0.98,43,CasualUK,void_burglar
cn7xfx,Moved to St Albans about a month ago and this is the view from a near by park.,,https://i.redd.it/4803klbky1f31.jpg,1565194921.0,63,0.92,17,CasualUK,MikKak8
cn7xca,My baby's fat cheeks vs. the M&amp;S exit,,https://v.redd.it/4wosul3by1f31,1565194909.0,33790,0.92,430,CasualUK,believeinthebin
cn7n68,"Gave blood today. There were no mint clubs, but they did have these.",,https://imgur.com/Z0qp3vP,1565193613.0,136,0.98,44,CasualUK,[deleted]
cn7imk,Picked up a bottle of Bucky straight from the source.,,https://i.imgur.com/pK1Bsct.jpg,1565193048.0,287,0.98,24,CasualUK,ferrospork
cn7hmc,Today‚Äôs discovery toblerone icecream AHA,,https://i.redd.it/c51cq10ms1f31.jpg,1565192914.0,155,0.98,20,CasualUK,[deleted]
cn6www,"Scotland, it‚Äôs a lovely place",,https://i.redd.it/k2rjs6cjk1f31.jpg,1565190197.0,62,0.94,7,CasualUK,OMG-BITCHTITS
cn686k,"Took my dog for a quick stroll yesterday morning, not a bad view..",,https://i.redd.it/fkkyfhk1a1f31.jpg,1565186760.0,117,0.96,8,CasualUK,mystery_roach
cn65pp,London metro map vs it's geography.,,https://i.redd.it/qmt5gftyxye31.gif,1565186425.0,97,0.9,27,CasualUK,ollyhinge11
cn62lm,"A giant, inflatable 3 foot mayonnaise jar. Found in a charity shop.",,https://i.redd.it/05wk3igy71f31.jpg,1565185967.0,199,0.99,31,CasualUK,ibloodylovecider
cn5k7b,Map of Britain from c.1250. Demonstrates the great importance of rivers for navigation and regional boundaries of the period,,https://i.redd.it/skmlbjdqz0f31.jpg,1565183229.0,311,0.99,94,CasualUK,Jalsavrah
cn56sf,Went to the Numatic factory in Chard today and met the first ever Henry.,,http://imgur.com/gallery/51hZ6bC,1565181142.0,96,0.99,25,CasualUK,something-about-us
cn55zy,Fair to say the DPD driver didn't like our parcel office guy,,https://i.redd.it/827sifb8t0f31.jpg,1565181014.0,157,0.99,20,CasualUK,cobrachickens
cn4vc4,Anyone else wish this would make a comeback?,[deleted],https://i.redd.it/vhenqrqxn0f31.jpg,1565179234.0,94,0.91,45,CasualUK,[deleted]
cn4jsr,Hedgehog in our garden last night. West Bolton area.,,https://v.redd.it/yd5vz16kh0f31,1565177137.0,121,0.97,18,CasualUK,Cats_have_teats
cn4edz,"Get some love for Scotland (Kenmore, Aberfeldy)",,https://i.redd.it/149lw1vne0f31.jpg,1565176115.0,74,0.96,6,CasualUK,0Bwahh0
cn44rj,Norfolk getting #trashtag clever,,https://i.redd.it/nw3cpp9y80f31.jpg,1565174200.0,92,0.97,18,CasualUK,alimeep
cn42pv,"Undertaker spotted in the tip, new interesting way to do funerals",,https://i.redd.it/xm6142yo70f31.jpg,1565173797.0,212,0.99,28,CasualUK,AntiSocialMackerel
cn3nq9,At Newport museum clarts!,,https://i.redd.it/n5jhxtqzyze31.jpg,1565170848.0,130,0.98,15,CasualUK,spudgun81
cn3d44,If someone‚Äôs missing a slice of toast and a pack of Lurpak you left it outside Tesco‚Äôs in Plymouth.,,https://i.redd.it/mvpmut94sze31.jpg,1565168541.0,854,0.98,63,CasualUK,Vhsrex
cn39ip,Beautifully calm morning in the Lake District,,https://i.redd.it/4115zz3kpze31.jpg,1565167675.0,252,0.98,11,CasualUK,Charotl
cn2dhr,A modern day romantic classic. Poor Shantel,,https://i.redd.it/25vgo4yn4ze31.jpg,1565160646.0,62,0.89,8,CasualUK,lizhurleysbeefjerky
cmx1tw,Ramesh shooting his laser beams at my lamp,,https://i.imgur.com/W0bjljd.jpg,1565129827.0,248,0.95,22,CasualUK,Piksel8
cmwcva,Great British Haircuts,,https://i.redd.it/nijso5z7bwe31.jpg,1565126531.0,3186,0.99,156,CasualUK,cowie71
cmw5gb,"Went camping up near Bolton Abbey yesterday. Paid a visit to The Strid, the most feared stretch of water in the world.",,https://i.redd.it/4ge3mnwt7we31.jpg,1565125433.0,803,0.98,92,CasualUK,Preacherjonson
cmv5by,10yo daughter got a warning text from Tesco Mobile about running out of data for the first time... she thought she had to reply to them,,https://i.redd.it/7fhczb8zqve31.jpg,1565119723.0,940,0.96,60,CasualUK,FasterLemmyFaster
cmus10,Botanic Gardens in Glasgow! I needed something to do today and took a trip out here with my DSLR for the day (mainly because it‚Äôs free) and I‚Äôm super happy with the results. It‚Äôs a lovely place. ‚ò∫Ô∏è,,https://i.redd.it/vpefnn4tlve31.jpg,1565118039.0,178,0.96,20,CasualUK,UnpreparedSugar
cmunm9,When people say you can't hear pictures,,https://i.redd.it/71t5xts9kve31.jpg,1565117470.0,106,0.98,31,CasualUK,thisiscotty
cmu3rs,The barber I used for the last 25 years and my Dad used for about 30 odd retired on Saturday and sold his shop. I drove past it today and it was already completely gutted.,"I know it's stupid, but it sort of upset me seeing everything from the shop in a skip outside. It has been the same since I started going there when I was 8. My Dad used him, my Grandad used him when he could still get out the house. Ending of an era. I dread to think what it will be like when the new guy opens his store.",https://www.reddit.com/r/CasualUK/comments/cmu3rs/the_barber_i_used_for_the_last_25_years_and_my/,1565114941.0,180,0.96,50,CasualUK,OverdressedShingler
cmu20y,I‚Äôve finally got a new job and I can escape retail,[deleted],https://www.reddit.com/r/CasualUK/comments/cmu20y/ive_finally_got_a_new_job_and_i_can_escape_retail/,1565114720.0,224,0.96,46,CasualUK,[deleted]
cmrwz7,Reasonable response,,https://i.redd.it/1qbgtsf9qte31.jpg,1565104794.0,531,0.95,20,CasualUK,easily-distracte
cmqt9g,Coming over here sucking our flowers. Painted Lady butterfly,,https://i.redd.it/i09bglq42ue31.jpg,1565099345.0,87,0.98,15,CasualUK,JohnBlackburn14
cmqm39,"Morrisons, what the fuck?",,https://i.redd.it/5ltf2sm3zte31.jpg,1565098264.0,128,0.99,24,CasualUK,[deleted]
cmqlft,Boaty McBoatface scale model at Science Museum,,https://i.imgur.com/OdX3L4W.png,1565098155.0,169,0.97,8,CasualUK,PhreakyByNature
cmq41m,Looked up from my lunch in Piccadilly - saw a random macaw just chilling.,,https://i.redd.it/afr1x56tqte31.jpg,1565095453.0,337,0.99,38,CasualUK,elzahchan
cmq35t,"I‚Äôve noticed this stuff making its way over from the US lately. Tried some today; I can only assume it‚Äôs made by filtering old vinegar through the rusty gusset of a tramp‚Äôs pants because it is VILE. Drank the lot because I‚Äôm no quitter, but never again! Consider this a helpful warning, friends!",,https://i.redd.it/jepffvscqte31.jpg,1565095308.0,79,0.89,36,CasualUK,signalstonoise88
cmpztx,Northumberland has the best police facebook,,https://imgur.com/jw6z7Nd,1565094786.0,145,0.96,15,CasualUK,[deleted]
cmpu2q,Worst remake ever!,,https://i.redd.it/fpmsbhc0mte31.jpg,1565093840.0,457,0.98,14,CasualUK,smell1s
cmp5i6,Bet you're regretting chucking them away now.,,https://i.redd.it/gfcflwfx8te31.jpg,1565089438.0,76,0.89,20,CasualUK,samudam
cmosw9,I‚Äôve been let loose with this bad boy in work. Open to suggestions.,,https://i.redd.it/104ydu5e1te31.jpg,1565086910.0,328,0.98,99,CasualUK,TheBeebop85
cmor0h,Going to nip down to the 1p sweet pick and mix after my refund from Northern Rail...,,https://i.redd.it/gb8ayve80te31.jpg,1565086517.0,88,0.97,15,CasualUK,tadwalsh
cmogmn,I knew beans for dinner was a bad idea,,https://imgur.com/eC5Oltq,1565084335.0,176,0.9,11,CasualUK,OnePlayerReady
cmof3h,Snapped a photo of what should be our national bird - the mighty Pigeon,,https://i.redd.it/lnzeur4qsse31.jpg,1565083992.0,2682,0.98,135,CasualUK,[deleted]
cmnz6g,Anyone else notice that the Rozzer in this recruitment add looks absolutely baked?,,https://i.redd.it/rbg6ids6ise31.jpg,1565080454.0,172,0.9,26,CasualUK,EdgarAetheling
cmntdg,Camping in Yorkshire. We‚Äôve really got some stunning views and history when we get time to stop and appreciate them. Rievaulx Abbey seen from Rievaulx Terrace.,,https://i.imgur.com/IiVGCkX.jpg,1565079090.0,609,0.99,26,CasualUK,nihilisticmonk
cmnph1,Quintessential,,https://i.redd.it/z1qzpfzjbse31.jpg,1565078216.0,120,0.93,6,CasualUK,cjb738
cmnmvu,As everyone starts getting sick post-summer just wanted to point out that the more expensive branded ‚ÄòLemsip‚Äô cold and flu drink (top) has significantly *less* medicine in a sachet than the unbranded Superdrug one (bottom). Don‚Äôt waste your money!,,https://i.redd.it/2ujjuggt9se31.jpg,1565077631.0,287,0.97,74,CasualUK,ItsMetaUguys
cmngve,"I'm applying for a job, not Love island...",,https://i.redd.it/wezvyl2s5se31.png,1565076292.0,574,0.99,153,CasualUK,vbloke
cmnb04,The canine photographer strikes again,[deleted],https://i.redd.it/m7rmnkz52se31.jpg,1565075059.0,201,0.98,13,CasualUK,[deleted]
cmn5g5,Choose-day OR would you rather?,"Terrible title, I apologise. But essentially, lets play a game of would you rather.

Someone says ""would you rather do x or y"" and then we can all say what we'd do and **why** and then have a nice little argument down below.

Try to make them original and vaguely UK focused.

*This is a trial of this sticky and almost definitely won't be continued*.",https://www.reddit.com/r/CasualUK/comments/cmn5g5/chooseday_or_would_you_rather/,1565073926.0,61,0.92,332,CasualUK,jptoc
cmj75l,"Found this lurking in my parent‚Äôs utensil drawer, the one thing that would have made that student life a little bit easier",,https://i.redd.it/crkr3kg10qe31.jpg,1565050131.0,77,0.95,53,CasualUK,Redwarwarrior
cmj1kw,Happy 50th Tricia x,,https://i.imgur.com/UB9AanQ.jpg,1565049263.0,349,0.99,10,CasualUK,TheAlmightySquirrel
cmifyz,Caught the sun buggering off for the day just at the end of my walk quite lovely.,,https://i.redd.it/eyet71sxnpe31.jpg,1565046092.0,102,1.0,4,CasualUK,DM_Duggernaut
cmi6gi,Just found these 2 absolute legends whilst clearing out the loft,,https://i.redd.it/wepp31h0kpe31.jpg,1565044760.0,68,0.98,7,CasualUK,TedClubber-Lang
cmh6ns,"Found this in Cam, I didn't know I needed it in my life.",,https://i.redd.it/3em3l3at5pe31.jpg,1565040093.0,93,0.95,18,CasualUK,AlphaTIG
cmgo95,We need a welsh people Twitter,,https://i.redd.it/rtcxftzezoe31.jpg,1565037812.0,693,0.99,31,CasualUK,throwaway275445
cmgdl1,Did anyone else ever think that those on the top were actually physically sitting above those beneath?,,https://i.redd.it/1nz1bc3hvoe31.jpg,1565036487.0,342,0.96,91,CasualUK,D1789
cmfb0z,Last year I was helping out at a charity event and bumped into this lovely fella!,[deleted],https://i.imgur.com/XGZOMPr.jpg,1565031843.0,189,0.95,22,CasualUK,[deleted]
cmfafo,Found this in town today.,,https://i.redd.it/ui6nxmwehoe31.jpg,1565031763.0,390,0.97,23,CasualUK,WallaceWells1
cmepvg,"Even in the middle of nowhere, you can count on a cuppa",,https://i.redd.it/02v16mjk9oe31.jpg,1565029209.0,278,0.99,20,CasualUK,SexySwedishSpy
cmdwgp,I‚Äôve lived in the UK all my life and still get stunned with how beautiful it is.,,https://v.redd.it/6q34bgtryne31,1565025622.0,75,0.87,8,CasualUK,Byrnie1985
cmd6wu,"Ah yes, only in Scotland.",,https://i.redd.it/t0aouhmspne31.jpg,1565022471.0,211,0.94,4,CasualUK,mratcliffe88
cmd5ad,"Bl√° Bheinn, Skye. Clambered up all 928m of it today and it might just be the most stunning and breathtaking natural beauty in Britain.",,https://i.redd.it/yffgq88xone31.jpg,1565022274.0,115,0.97,6,CasualUK,InappropriateSurname
cmd491,Man gets Greggs bag in the face,,https://www.youtube.com/watch?v=NebqzxWvhtE&amp;feature=youtu.be&amp;fbclid=IwAR1DWW0Fl2QavT7dt2jwwQXXpnfwNVH3RT16-4qu4CBheSXjXwPHp6T4ErM,1565022150.0,360,0.99,18,CasualUK,Fisher212121
cmc2kt,My brother made pancakes on the weekend.,,https://imgur.com/suOhLGm,1565017345.0,107,0.96,18,CasualUK,GibbsLAD
cmbyo9,The speed of the professional cyclists,[deleted],https://v.redd.it/nli96nylrge31,1565016822.0,72,0.9,45,CasualUK,[deleted]
cmb8i8,Received this as change from lunch today. Didn't even occur to me anything was wrong until I got back to my desk at work,,https://i.redd.it/otzn73owxme31.jpg,1565013116.0,845,0.99,100,CasualUK,OMGItsCheezWTF
cmatd0,The most depressing lunch,,https://i.redd.it/ki7uptfsqme31.jpg,1565010791.0,964,0.97,159,CasualUK,CallMeCurious
cmagge,Running out of ideas for the school holidays ALREADY,,https://i.redd.it/pgj2p86vkme31.jpg,1565008707.0,87,0.95,21,CasualUK,[deleted]
cmaccr,I am a monster. I shaved a teacake,[deleted],https://i.redd.it/i9o9ofdtime31.jpg,1565008016.0,172,0.96,19,CasualUK,[deleted]
cma1i3,"Sighted this mad lad in Aberystwyth, Wales.",,https://i.redd.it/3cg72w8bdme31.jpg,1565006165.0,397,0.99,13,CasualUK,Bohemiannapstudy
cm96z1,Classic Tesco produce section,,https://i.redd.it/olh8un7yvle31.jpg,1565000336.0,63,0.92,10,CasualUK,duheck
cm91vc,Virgin Media text support had a bit of a breakdown,,https://i.redd.it/qtvyzv4osle31.png,1564999297.0,1306,0.97,47,CasualUK,tw29823
cm8z14,Moon model in the Natural History Museum. Beautiful.,,https://i.redd.it/6sjssah3rle31.jpg,1564998695.0,1925,0.99,66,CasualUK,simonjjames
cm8t5m,"A pal of mine, was greeted by this beauty on his way out of his building this morning. Never been more proud to be British.",,https://i.redd.it/iyp5obnanle31.jpg,1564997415.0,162,0.94,33,CasualUK,SHEEEEEEEPY
cm8kbd,Someone delivered a pigeon to my house.,,https://i.redd.it/tm5sip2qhle31.jpg,1564995572.0,295,0.94,24,CasualUK,Chocolaterain567
cm7z8j,Out of date chocolate wrapper stuck to the vending machine at work. Is this peak passive aggression?,,https://i.imgur.com/XbSduuD.jpg,1564990883.0,291,0.98,39,CasualUK,_MildlyMisanthropic
cm5a78,Bodiam castle,,https://i.redd.it/ls0h9k94nje31.jpg,1564973146.0,73,0.96,5,CasualUK,[deleted]
cm2cru,Our neighbours had a party for their daughter last week. Maybe it‚Äôs time to take the balloons down...?,,https://i.redd.it/9xipnv0q9ie31.jpg,1564956531.0,243,0.98,12,CasualUK,retrogamer1990
cm2c17,"My friend got me this handmade chest as a leaving present (I‚Äôve left my job to start Primary PGCE in September). So satisfying organising my sea glass, this is only half my collection!",,https://i.redd.it/fs9fsj1e9ie31.jpg,1564956420.0,87,0.94,9,CasualUK,leathervelvet
cm29gd,Anybody else agree?,,https://i.redd.it/3tqfklvb8ie31.jpg,1564956061.0,875,0.95,128,CasualUK,leech931
cm0rt2,Just a cheeky chap enjoying his lunch in my back garden.,,https://i.redd.it/v4rs091tlhe31.jpg,1564948489.0,449,0.99,18,CasualUK,Queen_Moose88
cm0ldt,Mildly interesting: My local Lidl has no middle aisle...and the Aldi across the road doesn't have one either.,,https://imgur.com/RSz7NxN,1564947602.0,115,0.96,42,CasualUK,puppy2010
cm02xs,"First time visiting Devon, my view from the front door.",,https://i.redd.it/m0qde05qbhe31.jpg,1564945097.0,88,0.97,8,CasualUK,BigHeadWinter
clzqys,When 4000 UK scouts can't understand the baseball game,,https://v.redd.it/rwc7mp4q6he31,1564943500.0,67,0.88,19,CasualUK,Axelord
clylgn,Perranporth High Street on streetview,,https://i.redd.it/u13uzuzxpge31.png,1564937817.0,147,0.97,16,CasualUK,DrewBk
clyjpd,Gut lords unite!,,https://i.redd.it/qmld6n2dpge31.jpg,1564937576.0,10407,0.97,165,CasualUK,[deleted]
clxsll,The etymology of London districts (X-post r/etymology),,https://i.redd.it/jdprvfqhqfe31.jpg,1564933844.0,201,0.97,34,CasualUK,cunt-hooks
clxlnb,Twenty-five years ago this was the slag tip for an opencast coal mine.,,https://i.redd.it/hr9kaj50bge31.jpg,1564932795.0,451,0.98,35,CasualUK,Grommulox
clx5c8,Enjoying a pint in this butcher‚Äôs cum pub,,https://i.redd.it/wdkarnfu3ge31.jpg,1564930342.0,118,0.95,48,CasualUK,tayls67
clx47g,just a regular M&amp;S sandwich. nothing unusual to see here.,[deleted],https://i.redd.it/1cdu1c8c3ge31.jpg,1564930169.0,331,0.95,53,CasualUK,[deleted]
clx3jz,Beware of the dog!,,https://i.redd.it/1v7tpuxz2ge31.jpg,1564930068.0,74,0.93,3,CasualUK,wltzzz
clwnku,There was a wasp in the living room and I panicked and hoovered it up with a handheld hoover. Now I have a wasp living in a hoover and crippling panic.,"UPDATE: Partner came home and freed it outside. Somewhere there is a very pissed off wasp covered in dust. Goodbye, Dusty.",https://www.reddit.com/r/CasualUK/comments/clwnku/there_was_a_wasp_in_the_living_room_and_i/,1564927503.0,136,0.97,34,CasualUK,weemadrach
clw7z0,Leeds Pride is getting busy,,https://i.redd.it/wgse7nw8nfe31.jpg,1564924796.0,90,0.82,12,CasualUK,jimboconker77
clw164,This paint job in my local...,,https://i.redd.it/n5n9w20ojfe31.jpg,1564923553.0,96,0.99,2,CasualUK,jimofwales
clvrpi,"Poundland prices, Poundland spelling.",,https://imgur.com/ML5FR78,1564921667.0,67,0.98,2,CasualUK,XJ40JC
clvolm,Spanish Girlfriends 1st attempt at Yorkshire Puds. Well proud.,,https://i.redd.it/1t0k2av3cfe31.jpg,1564921011.0,952,0.98,79,CasualUK,AcrobaticDuck
clvjpl,1 hour into a 4 hour Manchester-London megabus and a guy sits on the floor beside me and starts throwing up. Leaves puke here and has to be instructed to tie the bag,,https://i.redd.it/5xlg6bo19fe31.jpg,1564919986.0,71,0.95,26,CasualUK,colincherry23
clvgao,"Good guy bee who was ambling around the lawn today (politely refused a spoon of sugar syrup, classic Brit). Look after our insects!",,https://i.redd.it/mxvhjdio6fe31.jpg,1564919187.0,103,0.97,15,CasualUK,[deleted]
clve2m,"Thanks, anonymous hero. We paid on RingGo.",,https://i.redd.it/jq5i5rn35fe31.jpg,1564918669.0,1149,0.99,180,CasualUK,CherenkovLady
clv93i,Today in carboot,,https://i.redd.it/vuwoc55o1fe31.jpg,1564917504.0,92,0.98,9,CasualUK,allthingswithtea
cluy43,Found a Baby Buzzard Fledgling in the the garden,,https://i.redd.it/nfb665oqtee31.jpg,1564914834.0,293,0.99,28,CasualUK,[deleted]
cluf5k,Why aren't these two on the fiver note ?,,https://i.redd.it/l7h8jwlveee31.jpg,1564910042.0,406,0.91,59,CasualUK,[deleted]
cludkl,How many miles til they notice?,[deleted],https://i.redd.it/6u9tek6beee31.jpg,1564909646.0,174,0.97,28,CasualUK,[deleted]
cltsif,Excellent day for a tootle down the coast aboard a train pulled by this beauty,[deleted],https://i.redd.it/lkrqpx7lyde31.jpg,1564904360.0,201,0.97,18,CasualUK,[deleted]
cltn1k,"When the Hermes guy doesn‚Äôt try to hide the amount of shits he doesn‚Äôt give (Dewsbury, sat 3 aug)",,https://v.redd.it/7i3erapfude31,1564903031.0,408,0.97,95,CasualUK,toursick
cltmrs,The recent 'every wetherspoons in the uk' post reminded me that I have this book. A British literary masterpiece.,,https://i.redd.it/yq4iv7zeude31.jpg,1564902962.0,10759,0.96,228,CasualUK,shealuca
clt9ky,"First time at Gatwick, I see there is nightmare fuel everywhere",,https://i.redd.it/tsznfl9ilde31.jpg,1564899960.0,109,0.96,7,CasualUK,GaIacticFaz
clsypv,Tebay service station - the prettiest motorway stop in the UK?,,https://i.redd.it/z1zk048sede31.jpg,1564897698.0,856,0.99,62,CasualUK,tanbirj
clssr4,"25,000 of us are about to cycle 100 miles for many many causes. Wish us luck! If you‚Äôre in London, give us a shout!",,https://i.redd.it/qqe8wof6bde31.jpg,1564896493.0,995,0.97,89,CasualUK,Cpt_George
clp7xl,You got no fans!,,https://imgur.com/7xlnDRC,1564873763.0,127,0.97,6,CasualUK,Key_Kong
clow7z,"15 minutes to grab your most valued possessions. Carbon-framed road bike? check; Dog? nah, we‚Äôll just get a new one.",,https://i.imgur.com/lf3eqzN.jpg,1564871924.0,133,0.93,10,CasualUK,yellow52
clo4tp,Drove over for story time at the Minack on Friday... It was so beautiful we came back the very next day.,,https://i.imgur.com/H4s115h.jpg,1564867850.0,182,0.99,10,CasualUK,LittleMooMiss
clnztx,Have a gander at this one,,https://i.redd.it/i39e4wpuvae31.jpg,1564867118.0,678,0.97,19,CasualUK,JowG
clmrgz,Guess the pub‚Äôs rebranding?,[deleted],https://i.redd.it/e8hx3nejcae31.jpg,1564860622.0,341,0.98,30,CasualUK,[deleted]
clmd8t,That‚Äôs not how you spell home Wilkos,,https://i.redd.it/3sbve1bf6ae31.jpg,1564858566.0,92,0.98,5,CasualUK,fjbrahh
clmcce,I love festivals this time of year. Please keep an eye out everyone!!,,https://i.redd.it/fj8nlrc06ae31.jpg,1564858438.0,139,0.97,2,CasualUK,lucky9299
clm2v8,"oh, bollocks",,https://i.redd.it/wp8js24z1ae31.png,1564857097.0,73,0.97,12,CasualUK,naraic42
clm1rk,Disgusted and horrified,,https://imgur.com/bEGj05V,1564856934.0,746,0.99,81,CasualUK,nahtn2
clkyzk,Is it just me or is this the official flavour of the colour purple?,,https://i.redd.it/3yd4uydwk9e31.jpg,1564851327.0,254,0.96,45,CasualUK,maxroscopy
clk2ju,This calligraphy is second to none,,https://i.redd.it/bi44iggt69e31.jpg,1564846598.0,203,0.98,18,CasualUK,mistingo
clk2iw,A glitch in the matrix...,,https://i.redd.it/9olsnwdt69e31.jpg,1564846594.0,400,0.96,17,CasualUK,Mccrizzles
clk06v,Guy in my apartments left a note.,,https://i.redd.it/1llggt3t59e31.jpg,1564846252.0,129,0.99,14,CasualUK,nowandthen6991
cljuhv,Who remembers cracking one of these bad boys out at breaktime?,,https://i.redd.it/eozjf5m339e31.jpg,1564845394.0,49,0.88,6,CasualUK,Loucon
cljds4,"Went to the ""Union Jack Tavern"" in the Philippines today. It was so authentic that we even waited two hours for our food!",,https://i.redd.it/fbloj96fv8e31.jpg,1564842767.0,233,0.98,34,CasualUK,Mappleyard
clj1a1,Relateable.,,https://i.redd.it/4nk51k18p8e31.jpg,1564840674.0,501,0.99,7,CasualUK,HumusGoose
clixni,"Yank here, just discovered this sub. Visited for a few weeks some time ago. Got run off the road by a swan in Lancashire, a seagull nicked my chips in Blackpool, and I got sick off a pasty from Tesco.",So when does the Queen issue my passport?,https://www.reddit.com/r/CasualUK/comments/clixni/yank_here_just_discovered_this_sub_visited_for_a/,1564840056.0,306,0.9,96,CasualUK,sothatsathingnow
clippd,At the local town hall,,https://i.imgur.com/5Ptl97p.jpg,1564838660.0,121,1.0,12,CasualUK,mr-savage87
clikjk,"A corner shop that takes pride in its shelf stocking, every isle was like this.",,https://i.redd.it/m06n10tgg8e31.jpg,1564837734.0,156,0.94,41,CasualUK,rsbilly
clhjc3,"Check out my carrots, mates!",[deleted],https://i.redd.it/wpkllfdet7e31.jpg,1564829991.0,335,0.98,37,CasualUK,[deleted]
clhfh3,"A rare day off earlier this week, sat and watched the bowls on Great Yarmouth sea front for an hour or so, no idea what was going on, but it was most enjoyable.",,https://i.redd.it/ocyhlqunq7e31.jpg,1564829051.0,65,1.0,10,CasualUK,andicurriemonster
clhc41,Anyone tried their wares?,,https://i.redd.it/516go4d6o7e31.jpg,1564828214.0,213,0.99,11,CasualUK,vbloke
clh5pt,Just came across this at a National Trust property. Apparently a national scheme encouraging caf√©s to keep aside a table for those wanting to chat,[deleted],https://i.redd.it/mf3sdeumj7e31.jpg,1564826698.0,167,0.99,32,CasualUK,[deleted]
clh0xp,My favourite pirate store in Somerset,,https://i.redd.it/5mdd0kczf7e31.jpg,1564825510.0,144,0.97,21,CasualUK,RedBanana99
clgx1w,Pretty much won the lottery this morning,,https://i.redd.it/bxororg5d7e31.jpg,1564824509.0,505,0.96,38,CasualUK,t0wser
clgswe,I was putting the spaghetti away and found this!,,https://i.redd.it/eay14gc1a7e31.jpg,1564823463.0,61,0.92,9,CasualUK,Ronaldo_McDonaldo81
clginm,For the non English pubs.,,https://i.imgur.com/YBlpC13.gifv,1564820904.0,161,0.98,48,CasualUK,justhisguy-youknow
clg8b1,Wow,,https://i.imgur.com/jXE0EDE.jpg,1564818443.0,317,0.98,31,CasualUK,robert_s_spear
clg7yz,Anybody else watching bcc breakfast notice how scared the Chinook looked?,,https://imgur.com/W7AvbNq.jpg,1564818369.0,25463,0.94,351,CasualUK,lukey5452
clc8yp,Made an alignment chart for some of my favourite British comedians,,https://i.redd.it/7xz97yofn4e31.png,1564792066.0,238,0.94,54,CasualUK,seedyweedy
clb8m0,They don‚Äôt fuck about with dog poo in Richmond upon Thames,,https://i.redd.it/v88qxal284e31.jpg,1564786528.0,143,0.97,12,CasualUK,MattGSJ
claht3,For the first time in years I've seen a hedgehog in my garden!,,https://i.redd.it/5jkei59tw3e31.jpg,1564782703.0,557,1.0,34,CasualUK,GOZ_99
cl9e09,UK city centres in a nutshell.,,https://i.redd.it/c403j6csg3e31.jpg,1564777344.0,2073,0.99,89,CasualUK,ContainsTracesOfLies
cl8qey,"Bit mean strapping two speakers to Phil Mitchell‚Äôs head in hospital, or maybe they‚Äôre trying to wake him up?",,https://i.redd.it/qmrmjqyp73e31.jpg,1564774257.0,231,0.98,22,CasualUK,gdcurl
cl8no8,"This guy popped into Lidl for some wine, came out with a Skim Board",,https://i.redd.it/9i5fquxe63e31.jpg,1564773883.0,76,0.86,14,CasualUK,roggggggg
cl8ehi,Enjoying a Train Cider thanks to the heroic intervention of a fellow passenger,"After struggling to open said M&amp;S cider with my keys, I give up, dejected... Minutes later, clearly having noticed my plight, the chap sat opposite me gets an idea - picking up the bottle he cooly pops the cap using the metal edge of our chiltern rails service table, and passes me the cider. I shake his hand, and there is a ripple of ammused approval and laughter amoungst our table and the neighbours; I take my first refreshing sip, cheers resouceful passenger!.. Back to sitting in silence we go",https://www.reddit.com/r/CasualUK/comments/cl8ehi/enjoying_a_train_cider_thanks_to_the_heroic/,1564772687.0,142,0.97,35,CasualUK,thb22
cl759e,Just found a lucky patch üçÄ,,https://i.redd.it/lfvx4j6ml2e31.jpg,1564766869.0,798,0.99,39,CasualUK,crazycockerels
cl6rhl,"Shower Thought: Y'know how currently whenever there's a big national event we wheel out some combination of Paul McCartney, Tom Jones or Shirley Bassey to give us a nostalgia song? In 30 years that's going to be Adele and Ed Sheeran",Not sure if it's a compliment or not.,https://www.reddit.com/r/CasualUK/comments/cl6rhl/shower_thought_yknow_how_currently_whenever/,1564765120.0,125,0.96,13,CasualUK,CoalCrafty
cl6n62,These were great as a kid. Old Bear Stories on VHS,[deleted],https://youtu.be/wm_S-9mowys,1564764575.0,79,0.97,13,CasualUK,[deleted]
cl6k8z,"In 15-20 minutes, I shall perform Alchemy",,https://i.redd.it/z0seer9rd2e31.jpg,1564764194.0,143,0.97,19,CasualUK,BellaKaterina84
cl6jln,Builders are letting you know upfront that sweet fuck all will get done on the job,,https://i.redd.it/ev562mnjd2e31.jpg,1564764107.0,397,0.98,28,CasualUK,Sir_Earl_Jeffries
cl6g39,Somebody left a lock gate open and the canal got drained.,,https://i.redd.it/ap7wfik7c2e31.jpg,1564763657.0,575,0.99,71,CasualUK,whosgotyourbelly42
cl6e4k,"Beer in the sun after an unexpected early finish, and the wife and child are out for another hour. Roll on the weekend.",,https://i.redd.it/68a6dzffb2e31.jpg,1564763395.0,255,0.95,29,CasualUK,deadshikari
cl68g0,"Quality afternoon weeding my allotment, pretty satisfying activity right there",[deleted],https://i.redd.it/hu5yt6z592e31.jpg,1564762666.0,61,0.93,24,CasualUK,[deleted]
cl5hgd,Cheers Scottish Gas. I'll pencil that in for 7980 years time.,,https://i.imgur.com/QbyKnVN.jpg,1564759184.0,5874,0.99,130,CasualUK,Welpthatsfecked
cl4s7j,"Of Course it is. Wigan, raising the bar once again.",[deleted],https://i.redd.it/zqvgtq1to1e31.png,1564755837.0,820,0.99,43,CasualUK,[deleted]
cl490j,I've become the local dealer for the blackbirds,[deleted],https://v.redd.it/csx7148ug1e31,1564753197.0,148,0.97,17,CasualUK,[deleted]
cl3zxe,"So.. when I get bored at work I seek out a customer service live chat operator to talk to. Fair play Averil, fair play.",,https://i.redd.it/r05ar99xc1e31.jpg,1564751889.0,1769,0.95,124,CasualUK,YourJoyOffendsMe
cl37rw,Took the worthwhile pilgrimage to our greatest national monument today,,https://i.redd.it/jwqui4k101e31.jpg,1564747507.0,2477,0.98,95,CasualUK,Strombiks
cl2sro,My neighbour‚Äôs two cars,,https://i.redd.it/olqlzkp8s0e31.jpg,1564744894.0,308,0.96,27,CasualUK,rosseepoo
cl2qt6,This guys dad piss is insane!,,https://i.redd.it/2dizen5er0e31.jpg,1564744549.0,128,0.88,14,CasualUK,MyCalloutsAreGodly
cl223o,"Little bit of roulette on the way to work this morning, which lane to choose?",,https://i.redd.it/vb4l22s7d0e31.jpg,1564739791.0,112,0.97,8,CasualUK,Faultylntelligence
cl1od2,"Barafundle bay, West Wales.",,https://i.redd.it/gjontp4n40e31.jpg,1564736898.0,132,0.98,22,CasualUK,Teifi90
cl1jof,"I am going to be sad to leave Scotland tomorrow. If things go belly-up over the next few years, I know where I'm moving.",,https://i.redd.it/uekcqf4n10e31.jpg,1564735889.0,63,0.9,6,CasualUK,Brownian-Motion
ckztqn,The Bollocks,,https://i.redd.it/8oauxy0g0zd31.jpg,1564723379.0,22151,0.96,772,CasualUK,limegreenbunny
ckxtuv,Big thank you to CasualUK,[deleted],https://www.reddit.com/r/CasualUK/comments/ckxtuv/big_thank_you_to_casualuk/,1564711443.0,101,0.97,13,CasualUK,[deleted]
ckuwkd,Been doing a bit of labouring for a builder. Dont want to spend ¬£5 on new gloves. These will do right?,,https://i.redd.it/xz9p6t8wrwd31.jpg,1564696295.0,59,0.9,23,CasualUK,[deleted]
ckudm0,when you know you married the right person,,https://i.redd.it/158b8y1hkwd31.jpg,1564693793.0,414,0.91,41,CasualUK,AlexKF0811
ckt0wf,Why was this clock in every Nan's house?,,https://imgur.com/J3JVC15,1564687567.0,6317,0.98,412,CasualUK,[deleted]
cksjk0,"Before Yorkshire Day draws to a close, have some Wakefield.",,https://i.imgur.com/taSFFCM.jpg,1564685399.0,107,0.98,20,CasualUK,bulletproofbra
ckrmxz,A wee coo on Jura.,,https://i.redd.it/e6t489t9jvd31.jpg,1564681348.0,97,0.98,8,CasualUK,EnterNicname
ckqo21,Have we got any Whaley Bridge people here? Stay safe and good luck if so!,,https://www.bbc.co.uk/news/uk-england-derbyshire-49189955,1564677011.0,127,0.98,65,CasualUK,FlickGC
ckpvec,Took myself down to ennerdale today - took this,,https://i.redd.it/nb79x73rvud31.jpg,1564673381.0,55,0.96,4,CasualUK,dannlong17
ckpq7x,Superdrug's marketing team smashing it out of the park,,https://i.redd.it/ckee4edstud31.jpg,1564672712.0,337,0.98,20,CasualUK,MathMackin
ckplym,One bite of a custard slice and the it does this! At 39 years old I‚Äôd have thought I‚Äôd have been able to eat one of these without looking ‚Äòspecial‚Äô... but no.,,https://i.redd.it/muc1hxm5sud31.jpg,1564672164.0,107,0.94,27,CasualUK,thedudeabides80
ckp27c,My butterfly bush doing its job,[deleted],https://i.redd.it/pbs3vpz7kud31.jpg,1564669544.0,138,0.99,4,CasualUK,[deleted]
ckol0w,"Our flat was officially sold this week. New owner tried to put up rent the next day, we said no we will leave. Was told there would be builders today inspecting any damage. Turns out the builders are bloody demolition men and are destroying what I call home.",[deleted],https://i.redd.it/ystx52radud31.jpg,1564667171.0,53,0.91,28,CasualUK,[deleted]
ckoknw,Another Penrith Sign,,https://i.redd.it/ci6huax3dud31.jpg,1564667110.0,110,0.98,3,CasualUK,carthorse1977
cko703,The village where I grew up. The name is unique as there are no other Crostons in the UK.,,https://i.redd.it/yhv45jd37ud31.jpg,1564665081.0,190,0.98,27,CasualUK,CriesWhenEjaculates
ckn6hq,My kid‚Äôs Goals for next year,,https://i.redd.it/xm1fdi4pptd31.jpg,1564659288.0,114,0.96,12,CasualUK,Yeahnofucks
ckmunv,Judging the 'prettiest ankle competition' at the Swanscombe Gala in Kent in September 1936.,,https://i.imgur.com/vqjipE3.jpg,1564657192.0,301,0.99,50,CasualUK,derawin07
ckmtbe,Jersey has ¬£1 notes.,,https://i.redd.it/mr1gm7jvitd31.jpg,1564656949.0,196,0.97,46,CasualUK,iAmyy
cklyrr,"Dog missing, presumed stolen. East Anglia/Norfolk, Pomeranian. Please keep an eye on Gumtree, FB marketplace etc.",,https://i.redd.it/rxt9370x0td31.jpg,1564651003.0,346,0.97,18,CasualUK,majorbanter
ckllkf,I‚Äôm 30 on Saturday but me &amp; fiance are going to Liverpool to see family so she‚Äôs decorated and I‚Äôm having a pre-birthday at home :) I love these balloons,,https://i.redd.it/c6bpu9hwssd31.jpg,1564648202.0,47,0.88,8,CasualUK,dontfearlionhere
cklgq8,Puppy's (Stark) first day at the beach yesterday in Barmouth!,,https://i.redd.it/1y7ndqqnyod31.jpg,1564647117.0,96,0.95,7,CasualUK,Dangerbadger
ckl68p,Popped up to the top of Cheddar Gorge this week. Not three bad.,,https://i.redd.it/gcjafb12jsd31.jpg,1564644889.0,124,0.95,20,CasualUK,montaignes_cat
ckl4lc,We're finally into the last month of having to see this guy,,https://i.redd.it/fe53pat1isd31.jpg,1564644554.0,1193,0.98,155,CasualUK,bennylogger
ckl3a6,"Woke up,spent a grand,celebrated with a ton of sausage sarnies and a brew,found out it's my Cake day.","Today is a good day!!

So last Friday i got my summer shutdown off work,2 weeks of life sorting and chilling out,for what can only be described as years i've been harping on about buying a metal lathe,i build custom mountain bikes and i can use it for all manner of things related to them,this morning i took the plunge and ordered my lathe,i have to say i'm pretty excited about it,to celebrate out came the pork and black pudding sausages from the butchers i bought just yesterday,i have my pint of Yorkshire 'builders tea' and i reply to a comment i put on a post on Reddit,i hadn't thought about my Cake day so when my cake popped up i googled when it was ,Today is that day!!",https://www.reddit.com/r/CasualUK/comments/ckl3a6/woke_upspent_a_grandcelebrated_with_a_ton_of/,1564644288.0,110,0.92,33,CasualUK,haemhorrhoidian
ckkqgn,"Seen on twitter, sharing here - job titles given in the 1881 census. Historic UK bants",,https://i.imgur.com/ouYZgtf.jpg,1564641801.0,19393,0.97,835,CasualUK,JayneLut
ckjsek,Found in Tesco Bicester yesterday,,https://i.redd.it/epbf6vgzqrd31.jpg,1564635452.0,150,0.93,36,CasualUK,bobmanuk
ckg8or,Happy Yorkshire Day!,,https://i.redd.it/oxqn826i4qd31.png,1564615782.0,186,0.91,61,CasualUK,ThatYorkshireLad
ckek01,"Village view: half timbered pub, thatched cottage, 17th Century Inn.",,https://i.redd.it/zc46bmh4gpd31.jpg,1564607585.0,127,0.93,10,CasualUK,PoorlyAttired
ckd8av,Tea Rationing Complaint During The War,,https://i.redd.it/5up0dz7dyod31.jpg,1564601612.0,73,0.94,16,CasualUK,Razutwo
ckd1s5,Just came to UK and this is the first squirrel I've ever seen in my life. Damn these dudes are cute.,,https://i.redd.it/8ee1j77xvod31.jpg,1564600792.0,74,0.85,92,CasualUK,[deleted]
ckcihh,My best lunch break this year so far .. 45 minutes in Burnham Beaches.,,https://i.redd.it/wskq76rfood31.jpg,1564598279.0,56,0.93,5,CasualUK,voltasapprentice
ckcgvv,Is there anything more British than your kitchen areas at work being described as 'Tea Points',,https://i.redd.it/pzr85fnunod31.jpg,1564598078.0,228,0.97,13,CasualUK,uncle_splash
ckc2c3,"The Commando monument, at Spean Bridge. Entirely too many recent, and young, names.",,https://i.redd.it/m2pfhgciiod31.jpg,1564596281.0,72,0.95,8,CasualUK,Brownian-Motion
ckbb9f,It's raining so hard where I live the water is going the wrong way.,,https://v.redd.it/76u9eso04od31,1564592940.0,173,0.98,18,CasualUK,ParrotofDoom
cka4pf,"In 1977 an East End woman was interviewed in the Street about the early days of television ownership, she delivered quite a dramatic monologue.",,https://twitter.com/bbcarchive/status/1156522620399095808?s=21,1564587816.0,144,0.98,17,CasualUK,Ar72
cka49g,Well that‚Äôs unfortunate...,,https://i.redd.it/pwm3zc55tnd31.jpg,1564587749.0,193,0.97,13,CasualUK,The_Nunnster
ck9465,"Anyone else have ""anything I want"" lunch on payday? It's not even in the meal deal!",,https://i.redd.it/kdt79ow8end31.jpg,1564582769.0,600,0.97,114,CasualUK,EffityJeffity
ck8pz7,A lovely semi,,https://i.redd.it/toafeslj8nd31.jpg,1564580821.0,155,0.99,19,CasualUK,chickenhugit
ck760c,Can someone check if Tony Blackburn is okay?,,https://i.imgur.com/Q05C5xT.png,1564572234.0,440,0.97,62,CasualUK,B_Underscore
ck6sfw,My local went full on fellow kids mode (north harbour),[deleted],https://i.redd.it/1vc6l324cmd31.jpg,1564569913.0,85,0.89,10,CasualUK,[deleted]
ck6nie,Caught on Amazon questions for a trimmer,,https://i.redd.it/uils7pig9md31.png,1564569020.0,55,0.82,4,CasualUK,abdu_gf
ck6cwr,Someone felt it last night,,https://i.redd.it/8iu3mgqc3md31.jpg,1564567041.0,730,0.97,37,CasualUK,blisslessly-ignorant
ck64ms,"""Please take a seat and read this."" Would if I could mate.",,https://i.redd.it/ps2dcoqlwld31.jpg,1564565422.0,61,0.96,16,CasualUK,anagoge
ck5wyw,Work have finally given me my own office,,https://i.redd.it/m9flji5culd31.jpg,1564563935.0,21404,0.96,238,CasualUK,weallhaunt
ck5tn3,Waking up to a peacock on my car,[deleted],https://i.redd.it/ro8er2edsld31.jpg,1564563283.0,139,0.99,29,CasualUK,[deleted]
ck5j2q,Interesting dialect,,https://i.redd.it/r10agtdulld31.jpg,1564561079.0,483,0.99,35,CasualUK,dyl_1
ck5cv9,A delicious meal for one!,,https://i.redd.it/587udee6ild31.jpg,1564559847.0,234,0.98,16,CasualUK,PaintDrinkingPeter
cjzkdm,"In 2015, I survived suicide. Earlier this year, I married my best friend and Mind are featuring us in their magazine. Things can get better - check on your friends and remind them to give life a chance. (Info Linked In Comments)",,https://i.redd.it/fdmwnz4ftid31.jpg,1564527307.0,478,0.95,36,CasualUK,mattstreuli
cjylpn,Only 1 way to spend my birthday,,https://i.redd.it/z7tgs61hgid31.jpg,1564522955.0,570,0.97,39,CasualUK,12bowena
cjygpp,Another view from the Isle of Wight,,https://i.redd.it/iy917ytqeid31.jpg,1564522372.0,119,0.96,9,CasualUK,steve_gus
cjya7t,Scotland looked pretty beautiful last week,,https://v.redd.it/5uweqlbgcid31,1564521610.0,545,0.98,16,CasualUK,spinelessyucca
cjxfyd,"When you‚Äôre wearing some bold threads, the tube is the best way to travel.",,https://i.redd.it/faa3o6ck1id31.jpg,1564517939.0,781,0.98,40,CasualUK,AddedSteve
cjx2h4,"The Isle of Wight is a hidden gem. Can't believe how awesome this place is... There is so much to do and when the weather is as great as we've had it the past week, it's beach day, every day! What a fantastic family holiday destination :)",,https://i.redd.it/dawyz05awhd31.jpg,1564516308.0,256,0.98,66,CasualUK,vat_hom_fluffy
cjwwd4,If you've stayed in a Britannia hotel you'll understand,,https://m.imgur.com/k6PO9Vz,1564515582.0,294,0.98,28,CasualUK,ProbationInTheMaking
cjwi69,These ducks think they own the place hustling around like that,,https://v.redd.it/7jgtflzfphd31,1564513873.0,90,0.99,3,CasualUK,The_C00k
cjwdjr,Something for the kids to do over the school holidays,,https://imgur.com/2IEVDwF,1564513357.0,122,0.98,29,CasualUK,TheRealDJYM
cjw6xd,Can any of you guess where this picture was taken? This area of the UK blew my mind..,,https://i.redd.it/ahnjxiaklhd31.jpg,1564512558.0,136,0.96,63,CasualUK,disfunkd
cjvv8g,Edinburgh is filling up with butterflies!,,https://i.redd.it/55i6bgfehhd31.jpg,1564511160.0,283,0.99,29,CasualUK,SexySwedishSpy
cjvn7q,Mid Wales Weekend Camping,,https://i.redd.it/dz0a05cnehd31.jpg,1564510234.0,64,0.93,6,CasualUK,16stratus
cjvd88,"What annoys me more than my property management sending this letter despite refusing to install CCTV, is the phone number they provided in case of emergency...",,https://i.redd.it/cor0d7a5bhd31.jpg,1564509058.0,341,0.98,92,CasualUK,evanschris
cjv5rl,The rain we‚Äôve had in the last hour,,https://i.redd.it/zraxo4wj8hd31.jpg,1564508187.0,73,0.97,12,CasualUK,crazycockerels
cju7hl,Reddit KFC Delivery,[deleted],https://www.reddit.com/r/CasualUK/comments/cju7hl/reddit_kfc_delivery/,1564504181.0,183,0.91,56,CasualUK,[deleted]
cjtz8m,"Dang Dang, Ding Ding or Dong Dong?",[deleted],https://i.redd.it/v1kcqscetgd31.jpg,1564503217.0,110,0.95,21,CasualUK,[deleted]
cjtrnt,Slightly restrictive entry requirements at the motorway services!,,https://i.imgur.com/NM5IMRT.jpg,1564502367.0,89,0.94,5,CasualUK,Al_Bee
cjslw0,Lovely Yorkshire stream,,https://i.redd.it/w0blbua6cgd31.jpg,1564497301.0,250,0.99,11,CasualUK,middie-in-a-box
cjs46s,Low Budget Bond?,,https://i.redd.it/utm2ducb5gd31.jpg,1564495012.0,53,0.92,9,CasualUK,Imperator_Helvetica
cjrye3,Sounds like Screen 2 is the place to be!,,https://i.redd.it/dxabks503gd31.png,1564494224.0,56,0.93,7,CasualUK,maxxdreddit
cjqujl,"Christopher Eccleston, the Ninth Doctor, in the park.",,https://youtu.be/zkD4PQjvtTQ,1564488583.0,86,0.92,17,CasualUK,JAMLENOM
cjq2s1,Spinaker Tower and Gunwharf Quays - Portsmouth,,https://i.redd.it/tfxi8g8p8fd31.jpg,1564484034.0,440,0.97,79,CasualUK,PM_ME_BEEF_CURTAINS
cjpy74,Mr Tumble's make up is getting more convincing..,,https://i.redd.it/77vq3yffbcd31.jpg,1564483217.0,128,0.92,22,CasualUK,UberS8n
cjpy3r,The Met Office is now giving us the chance to name future storms.,,https://i.redd.it/k4b9cft96fd31.jpg,1564483201.0,67,0.94,68,CasualUK,S1eepy266
cjprf6,"Angel of the north, Gateshead.",,https://i.redd.it/6yhigajr2fd31.jpg,1564482024.0,7850,0.96,384,CasualUK,[deleted]
cjo4xi,My first time in London,"So I went down to London for a gig, was kinda nervous because everything is just so big and confusing. Anyway, I got off the tube in Brixton, as I was leaving the station some bloke came over and asked me for a few quid to get a ticket. 

Then from out of nowhere this angry woman goes: ""Oh, fuck off! You've got a better jacket on than him!"" and continues to walk away. Had to give the poor guy a quid at this point. 

Don't think I'll ever forget that. Never change, London.",https://www.reddit.com/r/CasualUK/comments/cjo4xi/my_first_time_in_london/,1564470495.0,115,0.92,64,CasualUK,thismaybeitchief
cjmry9,I‚Äôm an exchange student in Costa Rica. I thought this might get a laugh,,https://i.redd.it/yq0ohwshedd31.jpg,1564461753.0,494,0.97,151,CasualUK,devonisnotgay
cjhv21,There will always be one....,,https://i.redd.it/jmoba4zqabd31.jpg,1564436279.0,179,1.0,22,CasualUK,CharleyBea
cjhm95,Submarine cloud,[deleted],https://i.redd.it/rfh1s12j7bd31.jpg,1564435195.0,223,0.98,21,CasualUK,[deleted]
cjgft5,My flat mates keep a drinks chart so we know what to make each other in stressful times.,,https://i.redd.it/7tgc5l05sad31.jpg,1564430030.0,585,0.97,92,CasualUK,JamWasp
cjfz5f,"Yorkshire tea, in a Yorkshire Tea mug, in a Yorkshire tarn, wearing a Yorkshire tweed flatcap",,https://v.redd.it/kr9e9p90mad31,1564428034.0,11409,0.95,504,CasualUK,LightSweep
cjemij,First time up in the Lake District. Absolutely blown away by the sheer beauty of the place,,https://i.redd.it/x96judrz4ad31.jpg,1564422241.0,187,0.99,22,CasualUK,CallMeCurious
cjeb5o,Just spotted this beauty on the shed - Jersey Tiger Moth,[deleted],https://i.redd.it/xlmwn8rw0ad31.jpg,1564420869.0,86,1.0,9,CasualUK,[deleted]
cjdeta,Spotted on my day out in Plymouth. Really makes you think...,,https://i.redd.it/w6cm5c7ep9d31.jpg,1564417000.0,329,0.98,51,CasualUK,prop-girl-3000
cjd3fx,Sainsbury‚Äôs ruined the ending!,,https://i.redd.it/3bui21ual9d31.jpg,1564415645.0,722,0.99,9,CasualUK,carthorse1977
cjd3cb,Safe to say I‚Äôm not very happea about this,,https://i.redd.it/lk93btyal9d31.jpg,1564415632.0,938,0.98,166,CasualUK,Fluffanutz
cjcdgh,It's 2019: Segregation has no place in the workplace,,https://i.imgur.com/DtvKwk3.jpg,1564412391.0,446,0.99,21,CasualUK,headinthestarrs
cjby23,Pool finally arrived. 22 degrees still counts as a heatwave right?,,https://i.redd.it/afiltqrm59d31.jpg,1564410382.0,163,0.95,39,CasualUK,[deleted]
cjbvs7,Charity Shop finds are the best finds.,,https://i.redd.it/cveb5t9s49d31.jpg,1564410073.0,334,0.99,10,CasualUK,LeedsUntied
cjbt6w,Not sure if Deliveroo has expanded its services or is just threatening me.,,https://i.redd.it/d7ql0l7l39d31.jpg,1564409724.0,637,0.99,26,CasualUK,Jalsavrah
cjbngb,New Banksy is up on Insta,,https://i.redd.it/x457rs2g19d31.jpg,1564408961.0,232,0.97,18,CasualUK,TimeForTiffin
cjb4vb,"Real question is, which fucking accent do they mean?",,https://i.redd.it/79x2fswmt8d31.jpg,1564406316.0,477,0.98,156,CasualUK,astalepieceofbread
cjb2qg,"I live in the northern terraces, nothing but row after row of grey terraced streets. But this is less than half an hour away!",,https://i.redd.it/ymexkj1ps8d31.jpg,1564405994.0,76,0.96,17,CasualUK,allthekos
cjb26b,Owt for nowt,,https://i.redd.it/cm2tph95b8d31.jpg,1564405908.0,113,0.94,18,CasualUK,randallio
cjaz9d,Wtf I love heatwaves now,,https://i.redd.it/b1naws84r8d31.jpg,1564405477.0,80,0.95,11,CasualUK,GoodEbening
cjawab,Saw a pigeon in Greggs having the time of his life.,[deleted],https://i.redd.it/htrpjqdrp8d31.jpg,1564405028.0,182,1.0,9,CasualUK,[deleted]
cjavm8,Proposing to your wife in Wetherspoons by bringing out the ring next to a ¬£2 chocolate brownie,[deleted],https://i.redd.it/jet9mpchp8d31.jpg,1564404925.0,61,0.91,21,CasualUK,[deleted]
cj9rqp,32 year old finally taking control of my life,,https://i.redd.it/y78m786u58d31.jpg,1564398360.0,99,0.98,13,CasualUK,iHybridPanda
cj9qyg,"The Glenfinnan Viaduct, as featured in the Harry Potter films. Pretty damned spectacular.",,https://v.redd.it/5agy6vij58d31,1564398229.0,136,0.98,8,CasualUK,Brownian-Motion
cj9jsk,Shame on these bastards for sending out intimidating envelopes! I thought I was in some sort of legal or financial trouble,,https://i.redd.it/di6rq0xk18d31.jpg,1564396876.0,151,0.96,44,CasualUK,Nerdy_Gem
cj8yhl,"I'm going to Cardiff for the zombie apocalypse, they seem like my kind of lads.",,https://imgur.com/4jqHvLn,1564392903.0,79,0.92,7,CasualUK,goldraven
cj8y5l,"Stuck in hospital, but at least I didn't get my lorry stuck and need a hand from a helpful digger",,https://v.redd.it/oxng09t8p7d31,1564392842.0,67,0.96,17,CasualUK,bloomylicious
cj8sq8,"Ladies and gentlemen, I have discovered the ultimate frazzle!",,https://i.redd.it/ysrx5lhdm7d31.jpg,1564391786.0,1003,0.98,56,CasualUK,anarchy_rabbit
cj8n3v,Who has too much crap in the loft? Not me! Note: avoid the wife when tossing boxes down.,,https://i.redd.it/1b7w6903j7d31.jpg,1564390655.0,15547,0.87,345,CasualUK,English_Joe
cj8ky0,Not a bad place to stop of for a pint.,,https://i.redd.it/ghc9tchmh7d31.jpg,1564390170.0,172,0.98,9,CasualUK,slothmk1
cj8cmd,A very British viewpoint,,https://i.redd.it/xaic6a99c7d31.jpg,1564388378.0,67,0.96,7,CasualUK,atom-s
cj89ro,Rare image captured of Leroy - Guardian of the ground - out on patrol,,https://i.redd.it/3sv1v5mha7d31.jpg,1564387773.0,108,0.96,39,CasualUK,corf3l
cj85pw,Must be my lucky day! Just won This Quality Toy that totally won't end up in the ocean or a landfill. Thanks kelloggs for the plastic disc...,,https://i.redd.it/s3dcbppx77d31.jpg,1564386942.0,130,0.93,31,CasualUK,gavintowerson
cj7xp7,A British teenager has won nearly ¬£1 million after coming second with his teammate in the Fornite World Cup finals.,,https://www.bbc.co.uk/newsround/49142867,1564385281.0,63,0.84,32,CasualUK,ScreamOfVengeance
cj7n44,Muse are from my hometown. I guess not everyone is a fan...,,https://i.redd.it/k313x8r1x6d31.jpg,1564383245.0,279,0.98,85,CasualUK,MrLewk
cj7apb,Postman Pat apparently trained in Bethnal Green!,,https://i.redd.it/ccs3uarvp6d31.jpg,1564380846.0,934,0.99,28,CasualUK,letskilleachother
cj72ga,"Brits abroad (Tour De France, Beefeaters Corner).",[deleted],https://v.redd.it/qwjcbtd8l6d31,1564379304.0,374,0.97,52,CasualUK,[deleted]
cj2vlq,Epic Gogglebox subtitling,,https://i.redd.it/hdhj9onsl4d31.jpg,1564355247.0,137,0.97,2,CasualUK,[deleted]
cj235v,You never know. Someone may have seen him. I've seen these posters all over town. Someone is seriously worried.,[deleted],https://i.redd.it/viywzukv94d31.jpg,1564351245.0,283,0.93,35,CasualUK,[deleted]
cj1yg1,"View from the Black Mountains, Herefordshire",,https://i.redd.it/yrc8ce3084d31.jpg,1564350623.0,122,0.99,10,CasualUK,dubbledeckerbus
cj16wk,Pretty sure the codes are generic but in case anybody will find them useful... ¬£10/¬£20 off electrical and gaming at Tesco,,https://i.redd.it/itghb9ruw3d31.jpg,1564346863.0,87,0.93,2,CasualUK,shoobygooby
cj047t,"The weather this last week has been perfectly balanced, as all things should be (Manchester)",,https://i.redd.it/tznwil8yh3d31.jpg,1564341855.0,81,0.92,9,CasualUK,Captain__Deadpool_
cj01jp,Roast fondue? Waffle yorkies? Hell no.,,https://i.redd.it/pr75u20yg3d31.jpg,1564341514.0,83,0.94,31,CasualUK,[deleted]
cizql7,Woke up here...,,https://i.redd.it/mbhn8bvhc3d31.jpg,1564340079.0,74,0.91,10,CasualUK,[deleted]
cize3r,A standard lad's night out,,https://v.redd.it/e4nf9wapc1d31,1564338436.0,183,0.95,20,CasualUK,EragonDraco
ciyywa,Channel 5 certainly know their audience,,https://i.imgur.com/oY5yiFL.jpg,1564336462.0,76,0.96,15,CasualUK,TIGHazard
cixv68,My dad who lives in Belfast is in Jersey for his holidays and text me this.,,https://i.redd.it/7iqdl154m2d31.jpg,1564331144.0,887,0.98,47,CasualUK,P0007
cix3tm,"In the gloom this weekend, I walked up to Higher Shelf Stones in the Peak District. In 1948 a US Air Force Super Fortress crashed here in similar conditions with the loss of all 13 crew.",,https://i.redd.it/mykbj3ija2d31.jpg,1564327502.0,97,0.98,4,CasualUK,aperijove
ciwvl7,‚ÄúGAVALAAAA‚Äù,,https://i.redd.it/hl7wfy4y72d31.jpg,1564326380.0,90,0.87,15,CasualUK,Mooseeyy
ciwvd6,Muuuuum I forgot my key again,,https://i.redd.it/qywriqqu72d31.jpg,1564326352.0,150,0.98,16,CasualUK,uk_trainwreck
ciwn2r,"Supermarket fridges should be closed, campaigners say as it emerges they use up 1 per cent of all UK's electricity",,https://www.telegraph.co.uk/news/2019/07/28/supermarket-fridges-should-closed-campaigners-say-emerges-use/,1564325168.0,106,0.98,35,CasualUK,saibabhatti
ciwldh,"Behold peasants, a view from the gods! Sunday afternoon jousting at Framlingham.",,https://i.redd.it/n98yssmi32d31.jpg,1564324909.0,503,0.98,38,CasualUK,reWindTheFrog
ciwfly,"As far as pub roasts go, this one ain‚Äôt half bad",,https://i.imgur.com/59YtpTY.jpg,1564324073.0,1271,0.98,74,CasualUK,vaskemaskine
ciw0dl,When your local Tesco looks like this,,https://i.redd.it/yfe41lo0u1d31.jpg,1564321695.0,2591,0.99,192,CasualUK,dianacqin
civtg2,"The majestic spawning grounds of the Tesco mini trolley. Before long they‚Äôll be weened and able to make it on their own way as the bigger, family trolly.",,https://i.redd.it/1dfdwzxkq1d31.jpg,1564320537.0,89,0.95,6,CasualUK,t0wser
civozs,"This sign makes Preston sound very magical! (Forgive the low quality picture, I was on the train to the signs‚Äô destined land)",,https://i.redd.it/lktq96cbo1d31.jpg,1564319791.0,142,0.98,16,CasualUK,CarryOnLying
civitf,Two Dave‚Äôs having a pint at my local,,https://i.redd.it/bgucb6b3l1d31.jpg,1564318688.0,616,0.97,13,CasualUK,Bloke22
ciuz6u,Some after party that must have been,,https://i.redd.it/rv03wgds91d31.jpg,1564314892.0,149,0.96,33,CasualUK,O-shi
ciuvj3,My view this morning,[deleted],https://i.redd.it/2bk2nffi71d31.jpg,1564314126.0,95,0.92,12,CasualUK,[deleted]
ciug0k,Apparently it‚Äôs national Moth Week- here‚Äôs an Elephant Hawkmoth I caught in Surrey recently,,https://i.redd.it/ldwa9dudx0d31.jpg,1564310741.0,183,0.99,15,CasualUK,AbiSquid
ciua14,On holiday in the West coast of Scotland. Woke up to this view this morning.,,https://i.redd.it/uod0210dt0d31.jpg,1564309369.0,498,0.96,37,CasualUK,topotaul
ciu9y2,The face that haunted the nightmares of 80's kids...,,https://cdn.mos.cms.futurecdn.net/bd42cf5e9307d7d694146338ee6836c1-650-80.jpg,1564309348.0,99,0.93,37,CasualUK,RichMusic81
ciu4ds,I‚Äôve just blown our neighbours lads mind by explaining how our Asda (Gateway back then) used to have a trolley gate and turnstile to enter it before the pound coins were introduced. Also he couldn‚Äôt get the ‚Äòmeat counter tickets‚Äô idea. You want fresh Billy bear? Wait for 52 to come up first pal.,,https://www.reddit.com/r/CasualUK/comments/ciu4ds/ive_just_blown_our_neighbours_lads_mind_by/,1564308094.0,120,0.95,41,CasualUK,Mr-E-Droflah
ciu1lx,"Beautiful views on Chesil Beach, Dorset",,https://imgur.com/VhKBDRg,1564307444.0,134,0.84,24,CasualUK,marxjohnson
citysq,Do you remember when there were adverts to buy ringtones? What was that all about?,[deleted],https://youtu.be/8VbCorxXlHM,1564306765.0,254,0.97,71,CasualUK,[deleted]
citvi0,"Road closed apparently. Burnage, Manchester, UK.",,https://i.redd.it/6sxmswcaj0d31.jpg,1564305988.0,244,0.98,48,CasualUK,CharleyBea
citswk,Would you trust this ‚Äòtarot consultant‚Äô with advice on managing your financial affairs....(Brighton on Friday)?,,https://i.redd.it/m2e5oqshh0d31.jpg,1564305383.0,823,0.98,80,CasualUK,OCPEoireitum
citngr,"This absolute unit decided that he would hide in my car completely silent until the car wash started. Safe to say I've never remained so still and wanted to cry so much. Seeing a 6ft 1, 18 stone man throw himself from a car straight to the floor of a petrol station forecourt must've been a sight",,https://i.redd.it/920mlebsd0d31.jpg,1564304126.0,9109,0.94,435,CasualUK,jio1806
ciq43k,The high street really is dying...,,https://imgur.com/q2gos3h,1564278826.0,175,0.99,39,CasualUK,A-ZAF_Got_Banned
cinup2,This chonker is trying to break through my window. Someone call the police,,https://i.redd.it/o93pn1jv8xc31.jpg,1564266240.0,3805,0.98,206,CasualUK,mouldybiscuit
cinszq,Came across these doors having a dinner party in a skip,,https://i.redd.it/8qid0v2c8xc31.jpg,1564265987.0,114,0.95,9,CasualUK,rupinjapan
cin6nr,BBC News have sent the cyber security expert to report on a fortnite competition,Imagine getting hired by the BBC and then being told you're being sent off to a fortnite competition,https://www.reddit.com/r/CasualUK/comments/cin6nr/bbc_news_have_sent_the_cyber_security_expert_to/,1564262751.0,95,0.94,23,CasualUK,TachankaTheGod
cin2r0,10:15 Saturday Night,[deleted],https://i.redd.it/22t2o3v1xwc31.jpg,1564262176.0,3042,0.96,144,CasualUK,[deleted]
cimyjo,John Lewis has perfected the condom machine that you have to use if you forgot to use the condom machine,,https://i.redd.it/6hx7hg28vwc31.jpg,1564261568.0,273,0.97,14,CasualUK,timrodie
cimggo,Dog sitting for the day and our resident fox isn't too happy about it...,,https://i.redd.it/ttigyzyinwc31.jpg,1564258983.0,1919,0.99,34,CasualUK,RosieEmily
cim7gp,Just a slug eating a curry takeaway on a Saturday night,,https://i.redd.it/9bdytyusjwc31.jpg,1564257734.0,275,0.97,10,CasualUK,Greenlemon41
cim7fn,Came all the way to wales for this spectacular view :/,,https://i.imgur.com/Kv7Rl81.jpg,1564257730.0,4504,0.99,112,CasualUK,giingey
cim12t,Travelled up to Scotland today and I‚Äôve found a placemat with a picture of my local on it.,,https://i.redd.it/a3j0jwn6hwc31.jpg,1564256863.0,140,0.96,16,CasualUK,Gedrulz
cilpo4,Had my first Morrison's delivery and they gave me a free gingerbread man that looks like the driver.,,https://i.redd.it/of7929vhcwc31.jpg,1564255295.0,366,0.96,50,CasualUK,iwannaholdyour-ham
cilfuj,Tesco are stepping up the anti obesity campaign,,https://i.redd.it/eppncs5n8wc31.jpg,1564253994.0,641,0.99,31,CasualUK,OuchieDuck
cilfue,Happy Scotch Day Everyone,,https://i.redd.it/emyk5nuo8wc31.jpg,1564253993.0,84,0.95,40,CasualUK,[deleted]
cikon7,My sister ordered 3 charging cables from Ebay and they sent her.....slightly more than 3,,https://i.redd.it/etg6k261yvc31.jpg,1564250401.0,358,0.92,51,CasualUK,RunThroughTheWoods
cijpdm,The British ethnic food shelf at a Swedish supermarket,,https://i.redd.it/8kumgbs4jvc31.jpg,1564245700.0,588,0.98,153,CasualUK,Platypuskeeper
cijolx,Death by Fat Slags. Found on a torpedo in the RAF museum.,[deleted],https://i.redd.it/li5s7jiqjvc31.jpg,1564245592.0,164,0.96,15,CasualUK,[deleted]
ciiezg,Aldi has become self-aware.,,https://i.redd.it/gb2aizev0vc31.jpg,1564239248.0,662,0.96,58,CasualUK,nickomoss
cihj4w,Waitrose has out Waitrose-d itself,,https://i.redd.it/p7arka30muc31.jpg,1564234273.0,188,0.99,21,CasualUK,hairdyeginger
cihepu,UK zoo humour,,https://i.redd.it/t31vedoujuc31.jpg,1564233544.0,901,0.99,25,CasualUK,wherepops
cihdk9,Even the TV guides got sunburnt in the heatwave,,https://i.redd.it/t5xh103cjuc31.jpg,1564233354.0,99,0.99,6,CasualUK,Autographz
cihbv5,"Ah, to be a kid again.",[deleted],http://imgur.com/y3nA7KQ,1564233074.0,105,0.95,5,CasualUK,[deleted]
cihapn,Thameslink will do anything to make sure that train gets back in track,[deleted],http://imgur.com/zFGAZh9,1564232877.0,76,0.96,8,CasualUK,[deleted]
cih4do,"So bin men came, obviously had enough of this guy blocking their way üòÇ",,https://i.redd.it/jfy160hqeuc31.jpg,1564231807.0,242,0.98,51,CasualUK,Lady-skyrim
cigoun,Saw this in Glasgow‚Äôs city centre. Imo he‚Äôs a businessman in the making,,https://i.redd.it/d64ugc666uc31.jpg,1564228930.0,161,0.94,27,CasualUK,Zhao642
cig9ox,An evening and morning this week in Devon,,https://imgur.com/4T9pqUN,1564225795.0,248,0.99,13,CasualUK,Richvsworld
cig4ks,In Sheffield a man occasionally walks into a local river to make sculptures.,,https://imgur.com/jnuwzYZ.jpg,1564224693.0,526,0.99,39,CasualUK,TMillo
cifntg,Why would you spend ¬£10 on this when you could just sit in the standard size sports direct mug?!,,https://i.redd.it/nb9301taitc31.jpg,1564220898.0,595,0.96,27,CasualUK,bingo-boss
cierye,New Liam album is coming out. Can't wait.,,https://i.redd.it/160w0p1uwsc31.jpg,1564213678.0,122,0.96,19,CasualUK,[deleted]
cieg7g,Finished the Glass of Thrones tour here in sunny Belfast yesterday with my best friend from Bristol. Fantastic craic.,,https://i.redd.it/774kvm9gpsc31.jpg,1564211196.0,139,0.96,16,CasualUK,FluxBuddyDan
ciebf6,A tin of crisps! Truly we live in a golden age,,https://i.redd.it/iw6auludmsc31.jpg,1564210182.0,163,0.95,47,CasualUK,1stDegreeBoo-Urns
cie2jb,Good to see the English summer back to normal.,,https://i.redd.it/05tiexxxgsc31.gif,1564208333.0,18003,0.97,266,CasualUK,londonlares
cie248,The Northumberland coast is an absolute beauty,,https://i.redd.it/t314z4llgsc31.jpg,1564208243.0,309,0.99,23,CasualUK,leathervelvet
ci9cgg,"TIL; dolphins exist in the UK. Sat down for a break just at the right time, we were some of the only people to catch this (Near Alnwick)",,https://v.redd.it/hoh6ooy42qc31,1564179338.0,151,0.98,29,CasualUK,soph0809
ci8ylf,"Are you out there, childhood friend?","I'm aware that this is a long shot and this might not even be the best subreddit for this, but I was wondering if you're out there. We used to go to the same gymnastics/trampolining club in Gillingham, Kent. I was a chubby little brown haired girl, and I think you were a blonde boy but I don't really remember, and I'm embarrassed to say I forgot your name. I'm sorry that I don't remember more about you. (Edit: I THINK your name was Harry? I definitely could be wrong though.)

The first week that I went, you were already there and I saw that you brought your DS. The next week I decided to bring my DS too and asked if we could play Pok√©mon together. You said yes and from that point on we were best friends. Every single week we'd play together when it wasn't our turn with the instructors. I had Pok√©mon pearl and you had Pok√©mon diamond, which I was super jealous of because blue was always my favourite colour despite being a girl. I think we were about 10 years old? You might have been slightly older than me, but I'm not sure. You had so many more Pok√©mon than me, and you taught me what an action replay was! I remember you cheating in all your shinies which I thought was so cool, you were basically a hacker (I won't tell Nintendo.) We traded machokes to evolve them and you kept mine because it was a higher level (cheeky!)  but you also traded me an Exploud for a bidoof and helped me complete my pokedex. I recently started playing pokemon pearl again, and it brought all my memories of you back.

I really loved playing with you! What are you up to these days? Did you keep going, even after I dropped out? (I couldn't really get the hang of the gymnastics, sorry! I'm still uncoordinated to this day.) I moved away from Kent when I was 16. I'm 21 now, and I'm studying at uni to be a game developer! Who knows, maybe I'll work on a Pok√©mon game one day üòä Are you well? I'd love to hear from you, if you ever see this!",https://www.reddit.com/r/CasualUK/comments/ci8ylf/are_you_out_there_childhood_friend/,1564177428.0,232,0.98,32,CasualUK,nguruvilu
ci8jvi,Rachel Riley‚Äôs face here is everything...,,https://i.redd.it/pvp9p0hyqpc31.jpg,1564175379.0,300,0.98,41,CasualUK,fiona_alba
ci8bwj,Turns out Boots have had the solution to this weather problem all along!,,https://i.imgur.com/TSYALzS.jpg,1564174289.0,160,1.0,6,CasualUK,Vorboid
ci7v9y,Behold my sunflower,,https://i.imgur.com/Jd4b9sK.jpg,1564172095.0,79,0.99,6,CasualUK,kumquat_may
ci7aq1,My dog enjoying a bit of theatre,,https://i.redd.it/dzro12ow8pc31.jpg,1564169318.0,242,0.99,22,CasualUK,gasrovers
ci769e,This is either the best or worst name for a takeaway ever üòÇ,,https://i.redd.it/otrqdre37pc31.jpg,1564168700.0,62,0.94,14,CasualUK,Kimchi_Raikkonen
ci5uw4,Show some respect,[deleted],https://i.redd.it/5pz00s1aooc31.jpg,1564162376.0,22410,0.96,239,CasualUK,[deleted]
ci5u08,"After several years of trying to figure put how to fold a crisp packet, ive finally done it after a friend showed me how ü§©",,https://i.redd.it/viqdbhnxnoc31.jpg,1564162260.0,62,0.92,16,CasualUK,[deleted]
ci5fw2,HMS Queen Elizabeth seen from the quarterdeck of the Victory. Britain‚Äôs newest warship seen from her oldest.,,https://i.redd.it/5epw2qd4ioc31.jpg,1564160402.0,155,0.98,19,CasualUK,therealpiemouse
ci5bxp,"An update to the pigeons I posted yesterday, off they go again!",,https://v.redd.it/wsjivov7wmc31,1564159863.0,122,0.99,9,CasualUK,Turfiriath
ci4b30,After 9 years I felt ready to scatter my mums ashes. Such a beautiful place to do it.,,https://i.redd.it/w4ydloac2oc31.jpg,1564154994.0,1281,0.97,52,CasualUK,caratayy
ci3p8k,I bought these sweets from Asda and there was a rogue Percy in them.,,https://i.redd.it/8bvr2qaqtnc31.jpg,1564152101.0,64,0.94,7,CasualUK,anabkx
ci27kg,Seen in Brighton today,,https://i.redd.it/fi8bmcq95nc31.jpg,1564143901.0,205,0.9,21,CasualUK,Datbio69420noscope
ci22ka,Iceland has removed plastic bags altogether from one of its stores in UK first,,https://www.retailgazette.co.uk/blog/2019/07/iceland-trials-completely-plastic-bag-free-store-in-uk-first/,1564143028.0,82,0.94,45,CasualUK,LaurenHayward
ci1q0v,Look how they massacred my boy,,https://i.imgur.com/fm4zDrr.jpg,1564140819.0,857,0.98,61,CasualUK,kozhevnikov
ci1m8v,"All the chocolate melted yesterday - WHSmith, Liverpool Street Station",,https://v.redd.it/yncstmw0umc31,1564140092.0,534,0.97,103,CasualUK,Cauliflower_Jam
ci1hrq,The majestic shopping trolley in it's natural habitat,,https://i.redd.it/i8dogulkrmc31.jpg,1564139270.0,7110,0.98,132,CasualUK,[deleted]
ci14f1,A friend in Lincolnshire got a letter from her dentist. Not sure if this is a promise or a threat.,,https://i.redd.it/26ki9zwkjmc31.jpg,1564136584.0,1279,1.0,54,CasualUK,Yachting-Mishaps
ci11nv,Don't expect to see quicksand very often but here we are,[deleted],https://i.redd.it/uxr7eiishmc31.jpg,1564135993.0,156,0.99,20,CasualUK,[deleted]
ci0yf5,Business 101: diversification is key to success,,https://i.redd.it/taii7qh0gmc31.jpg,1564135377.0,93,0.97,5,CasualUK,IlikeSharpThingies
ci0p44,Not sure about my girls new outfit,,https://imgur.com/J89dEff,1564133408.0,236,0.97,8,CasualUK,CakeOrNothing82
ci0mk2,Just another day then...,,https://i.redd.it/3oi75s5h8mc31.jpg,1564132849.0,56,0.88,6,CasualUK,OfficialPrower
ci0j3j,We're not the only ones suffering with the heat,,https://imgur.com/K6TgIAq,1564132114.0,190,0.96,14,CasualUK,Tea2theBag
ci0dwy,"My fan died 2 nights ago, so i made use of this that I made...desperate times &amp; desperate measures...",,https://i.redd.it/xow633sz2mc31.jpg,1564131001.0,799,0.98,67,CasualUK,CONKERMAN
ci08f2,I've finally spotted the spider that lives in my wing mirror.,,https://i.imgur.com/hMCBBvy.jpg,1564129729.0,119,0.99,28,CasualUK,essentialatom
chzqe9,This is Tony and he's been with me all night. He's small but what he lacks in size he makes up for in irritation.,,https://i.imgur.com/1yppk5j.jpg,1564125673.0,6709,0.98,132,CasualUK,Extraterrestrialchip
chzpfu,Why are Tesco cashpoints so superior and why aren't they the gold standard everywhere?,[deleted],https://www.reddit.com/r/CasualUK/comments/chzpfu/why_are_tesco_cashpoints_so_superior_and_why/,1564125471.0,84,0.93,50,CasualUK,[deleted]
chz890,Lightning on the south coast. It was too hot to sleep last night so I went out and took pictures instead.,,https://i.redd.it/squq8pn3clc31.jpg,1564121954.0,641,0.99,25,CasualUK,CoastalChicken
chz62i,Came across this big guy on my morning run,,https://i.redd.it/0yxdxqqnalc31.jpg,1564121504.0,154,0.99,19,CasualUK,bblackwalker
chyr87,Just popping over from r/Australia to say I hope you guys are coping ok in the heat!,"I know you're not used to it up there, but our ancestors that you sent here survived, so I'm sure you'll all be ok.",https://www.reddit.com/r/CasualUK/comments/chyr87/just_popping_over_from_raustralia_to_say_i_hope/,1564118567.0,242,0.96,92,CasualUK,a-real-life-dolphin
chyqbe,Dumb cunt thought the roof would be nice and cool in this weather,,https://i.redd.it/8potqm0i1lc31.jpg,1564118394.0,58,0.89,11,CasualUK,TallHobbit1196
chvqh7,I built a hopeful AC unit whilst visiting my rents this week and got this picture of them taking the piss,,https://i.redd.it/eijurlonjjc31.jpg,1564100284.0,433,0.99,24,CasualUK,victric
chv8dj,British Chemical Weapons Stash (1916 colourized),,https://i.redd.it/kxx0x5r4bjc31.jpg,1564097418.0,71,0.91,9,CasualUK,Its_a_spare_account
chuwdx,"Never sweated so much before, completely worth it. Watendlath, Lake District.",,https://i.redd.it/i3y3u2qs5jc31.jpg,1564095624.0,63,0.96,13,CasualUK,hts18
chuqgk,"Staying at the in-laws - I‚Äôve been consoling myself all day that the guest room has a tower fan tucked in the corner. Turns out it‚Äôs because the bearing is off, so it makes an awful sound. A Little MacGyvering with the cord from my washbag, and a toothbrush to add tension = a quiet, working fan!",,https://i.redd.it/t0ryebu23jc31.jpg,1564094728.0,61,0.99,9,CasualUK,hairyfacedhooman
chuq0l,Not sure if my wife‚Äôs idea of a frozen hot water bottle is genius or insanity.,,https://i.imgur.com/IAciYSQ.jpg,1564094666.0,84,0.97,12,CasualUK,ExcessiveGravitas
chumz7,My British friend asked me to find it. After hours in Crimean fields (None of the locals knew about it) I found it: The monument to Charge of the Light Brigade,,https://i.redd.it/exijpqlm1jc31.jpg,1564094219.0,446,0.99,68,CasualUK,principle_fbundle
chuj58,Meanwhile outside a primary school in London...,,https://i.redd.it/jfi9nbd10jc31.jpg,1564093684.0,277,0.95,5,CasualUK,Erratic_Professional
chug0e,Creatures of the night,,https://v.redd.it/1xt55rdbyic31,1564093226.0,76,0.96,13,CasualUK,notbittynowbittylatr
chtr0f,This little fella thought it was too hot outside,,https://i.imgur.com/SXgOhGZ.jpg,1564089759.0,205,1.0,18,CasualUK,P__A
chtgdp,"This was my little camping spot last night, Scotland.",,https://i.redd.it/0kig7n71kic31.jpg,1564088324.0,100,0.98,17,CasualUK,[deleted]
chtf1z,"Royal Mail has 115,000 postboxes. Do you know what Royal Mail doesn't have? A way to find any of them online.","My nearest postbox has a collection time of 9am. On the front it says there's another one with a later collection time of 6pm a few streets away. I walk over to the street. I walk up and down the street. No post box. Decided to drive up and down the street with Google Street View. Turns out the post box had been removed months ago. Great job Royal Mail!

Seriously though, everyone post box should be as locatable online as a shop is. If a shop shuts down, or changes its opening hours, it's pretty quick to change the info on Google. So why not a post box? The thing we all use countless times. Makes no sense. Every post box should have a code to easily find it and nearby post boxes, along with last post times.

There are third party attempts to do this already, but the information is out of date. Royal Mail needs to do this themselves.",https://www.reddit.com/r/CasualUK/comments/chtf1z/royal_mail_has_115000_postboxes_do_you_know_what/,1564088143.0,197,0.97,39,CasualUK,anagoge
cht75q,Can we have a share your pet thread?,,https://i.redd.it/fgscsvk8gic31.jpg,1564087134.0,133,0.91,154,CasualUK,Teamomizoomi
cht562,This guy is an absolute baller.,,https://i.redd.it/iru2etmsfic31.jpg,1564086876.0,43857,0.96,610,CasualUK,Brownian-Motion
chsrfv,Man using a hose in a thunder storm,,https://v.redd.it/aw46yb9aaic31,1564085051.0,130,0.99,19,CasualUK,scottmarti7
chs1jy,Shouldn't this be on after the watershed?,,https://i.redd.it/n33ul9l60ic31.jpg,1564081631.0,58,0.92,5,CasualUK,KarlWorton1
chruio,Fuckin heresy in a French supermarket today,,https://i.imgur.com/SHzdMyQ.jpg,1564080706.0,546,0.99,48,CasualUK,cunt-hooks
chqtvx,Local hospital trust hired ice cream vans to visit all their sites during lunch to provide staff with a free ice cream,,https://i.redd.it/uf639g0gjhc31.jpg,1564075999.0,127,0.99,18,CasualUK,StitchConverse
chqhxh,What it feels like taking any trains in London today (slightly NSFW),,https://i.redd.it/3m36h0btehc31.jpg,1564074439.0,249,0.97,28,CasualUK,thearcher122
chqdyp,This beauty found in Cornwall,,https://i.redd.it/ov0gmtmadhc31.jpg,1564073940.0,156,1.0,20,CasualUK,Nudero
chq92g,My office today. The coworkers were buzzing about nearby.,,https://i.redd.it/wvw9r3fgbhc31.jpg,1564073312.0,80,0.95,4,CasualUK,vbloke
chpzp2,Shout-outs to the absolute gent who gave me a voucher for a free Iced Americano at Cafe Nero on this subreddit,,https://i.redd.it/jcoqv58t7hc31.jpg,1564072088.0,167,0.94,11,CasualUK,Pompadour_Pug
chpl77,"Ah sunflowers, I know exactly how you feel...",,https://i.redd.it/pfegnoy92hc31.jpg,1564070225.0,71,0.92,4,CasualUK,ActonBoy
chp799,I got a double-coned Cornetto,,https://i.redd.it/ch79gwiqwgc31.jpg,1564068429.0,154,0.99,25,CasualUK,SilverSteeples
chorz1,It‚Äôs so hot in Scarborough you can literally cook an egg,,https://v.redd.it/gxy42j616gc31,1564066608.0,636,0.98,107,CasualUK,Squishy_Thing
cho9om,"The pet rats are having frozen peas in cool water for the heat, they're pretty pleased",[deleted],https://i.redd.it/pcldsr0pkgc31.jpg,1564064347.0,1002,0.98,53,CasualUK,[deleted]
cho0pt,I got asked for ID when buying super Mario maker.,"Just what the title said; was in Sainsbury's and decided to pick up super Mario maker, got to the till with debit card out and the woman literally asked me for ID. I'm 22 and the age rating is 3+. It was the only thing I was buying.",https://www.reddit.com/r/CasualUK/comments/cho0pt/i_got_asked_for_id_when_buying_super_mario_maker/,1564063217.0,79,0.97,31,CasualUK,Hircine_
chnz1i,"Vintage car spotted recently in Muswell Hill, London",,https://i.redd.it/arbi7qorggc31.jpg,1564062992.0,90,0.92,19,CasualUK,GennadiiM
chnvgv,Improvise. Adapt. Overcome.,,https://i.imgur.com/Qwd4QrN.jpg,1564062464.0,8625,0.98,196,CasualUK,BadgerTamer
chnczo,Stinging netting eating... Didn't know it was a thing,[deleted],https://i.redd.it/3ux7uxyx6gc31.jpg,1564059687.0,66,0.96,26,CasualUK,[deleted]
chn66t,It‚Äôs so hot that these steps in Ladbroke Grove have melted.,,https://i.redd.it/agb34q8q3gc31.jpg,1564058610.0,1306,0.99,75,CasualUK,millsytime
chn391,Who else needs some Kendal Mint Cake liqueur in their life?,,https://i.redd.it/omr25f792gc31.jpg,1564058126.0,98,0.96,36,CasualUK,ExploreEdinburgh
chmq5l,Spotted yesterday whilst travelling through Monmouth,,https://i.redd.it/a16w204rvfc31.jpg,1564055933.0,626,0.98,10,CasualUK,Toaster-Trash
chm8hm,Because 4 fans are just not enough...,,https://i.imgur.com/9LFuPA8.jpg,1564052710.0,243,0.99,45,CasualUK,niftyshellsuit
chlt7i,My family: Why are you crying so damn loud? Me:,,https://i.imgur.com/hGlKZUG.jpg,1564049732.0,430,0.96,21,CasualUK,Jim-Plank
chlla6,"The people who ""translated"" Cards Against Humanity hit the nail on the head with this one",,https://i.redd.it/8to000sn8fc31.jpg,1564048160.0,231,0.96,5,CasualUK,[deleted]
chlenv,Friendly reminder for anyone not working to revive bees you see on the floor with some sugar water!,,https://i.redd.it/6tbu0vwi4fc31.jpg,1564046765.0,204,0.96,33,CasualUK,firmlee_grasspit
chl9bi,Beautiful sunrise today In wales,,https://i.redd.it/9w7q9n731fc31.jpg,1564045627.0,59,0.97,0,CasualUK,poppyoxymoron
chl5qi,Adblock has been successfully installed!,[deleted],https://i.redd.it/lkek8l1uyec31.jpg,1564044854.0,3615,0.99,95,CasualUK,[deleted]
chkver,Take care of yerselves today cause it's gonna be hot as baws,,https://i.imgur.com/U5npbos.jpg,1564042493.0,783,0.98,29,CasualUK,EdinburghMan
chkv7f,"People of Britain, I cannot express my thanks enough. I got a message this morning to say that one month after it was stolen my bike has been found and it is making it's way back to me. Your help and outreach has been amazing in helping to bring it home",,https://i.redd.it/ze40umnnrec31.jpg,1564042449.0,3409,0.99,125,CasualUK,eww79
chkrkv,Postman Pat ride on Van for Space Rocket Ride 40335. Based on the prolific shopping centre rides of the 90s,,https://i.redd.it/2fxfa5g1oec31.jpg,1564041669.0,67,0.96,6,CasualUK,mogeeoh
chk1qh,Todays work clothes have been in the freezer.,,https://i.redd.it/njeqszfq9ec31.jpg,1564036415.0,121,0.98,10,CasualUK,yorkieboy2019
chjbfg,"Not looking forward to the heat today, but this makes up for it. Sort of.",,https://i.imgur.com/agb2IXF.jpg,1564031319.0,10994,0.96,263,CasualUK,[deleted]
chf7eh,My local Tesco had a pretty good reason for their half empty shelves today,,https://i.imgur.com/JBzayJF.jpg,1564007902.0,107,0.98,25,CasualUK,lostgate
che3xw,"A little late, just found out that Royal Mail tricycles are now a thing and it‚Äôs the cutest thing...",,https://i.redd.it/y1xuobbxhbc31.jpg,1564002844.0,1875,0.99,113,CasualUK,Artisanthankfully
chdjgx,The BBC asked ‚ÄúDoes the UK have a seagull problem?‚Äù I ask: Has any BBC employee ever been to a seaside chippy?,[deleted],https://www.bbc.co.uk/news/uk-49096417,1564000225.0,109,0.98,34,CasualUK,[deleted]
chdazu,My son is away for the week with NCS. I haven't heard from him so decided to check in. Don't you just love teenagers.....,[deleted],https://imgur.com/mEXVXwv.jpg,1563999130.0,457,0.98,85,CasualUK,[deleted]
chc959,Can we take a second to appreciate Gloucester Services on the M5? I took this photo there today.,,https://i.redd.it/3ln7xb27sac31.jpg,1563994203.0,303,0.99,43,CasualUK,elalmohada26
chbsmf,Taking my GCSE‚Äôs at 30,"Hi CasualUKers. I‚Äôm 30 in less than two weeks and have very little to show for my time on Earth. I‚Äôm Autistic, Dyslexic &amp; Dyspraxic so school was not a fun place for me, and I took no qualifications or GCSEs away with me, I did however teach myself to read &amp; write after I had left but after many failed attempts trying to stay in college I gave up trying and let myself fall deeply in to depression. However, the last 3 years have been amazing for me, I met the love of my life and we‚Äôre getting married in June 2021 and the last piece of the puzzle for me is to get my GCSEs so I can at least somewhat succeed in a good job that isn‚Äôt flipping burgers because I hate that. My question is, is there anybody here that has done this, at my age or there abouts or even older and gone on to succeed? How are you recieved in a class that is potentially going to be way younger than I am? I‚Äôm very worried but more excited and very determind, I want this so badly. Thanks",https://www.reddit.com/r/CasualUK/comments/chbsmf/taking_my_gcses_at_30/,1563992056.0,285,0.97,115,CasualUK,dontfearlionhere
chbohx,Just a man taking sheep for a walk...,,https://i.redd.it/6mpnyyb9kac31.jpg,1563991522.0,120,0.98,17,CasualUK,catstastrophe
chbo2v,Thanks for the heads up mate,,https://i.redd.it/1z7rjsu2kac31.jpg,1563991470.0,228,0.98,29,CasualUK,wh0remones
chbnhn,This drunk chap was trying to surf my bus home,,https://v.redd.it/kl65oqgejac31,1563991395.0,110,0.97,14,CasualUK,TheBoringSod
chbf0r,When initialisms don‚Äôt work...,,https://i.imgur.com/hnEsTvp.jpg,1563990296.0,74,0.85,10,CasualUK,PurpleThirteen
chbehr,"I admit cycling 70 miles from London to Camber Sands in 30C heat wasn‚Äôt the most efficient heatwave-busting exercise, but the end result definitely made it worth the sweat",,https://i.redd.it/84jtrrlfgac31.jpg,1563990238.0,155,0.95,53,CasualUK,wltzzz
chagx0,On a train to Cardiff and not even my hotspot is working. Luckily I don‚Äôt need internet to play what I downloaded on my ITunes. I opened up the app and needless to say I‚Äôm having an amazing trip üëå,,https://i.redd.it/27yyvreq3ac31.jpg,1563985964.0,114,0.88,6,CasualUK,TheGilbertGazGrogan
ch9pc5,As promised: the result of the quavers-style pot noodle,[deleted],https://i.redd.it/xmozd89at9c31.jpg,1563982452.0,511,0.96,48,CasualUK,[deleted]
ch952w,I‚Äôm not normally a fan of graffiti but I can get on board with the one in Milton Keynes,,https://i.redd.it/r5o3h1h9l9c31.jpg,1563979766.0,202,0.99,9,CasualUK,[deleted]
ch930k,"I pulled out a cool bottle of Irn Bru at work on this hot summers day to quench my thirst, a colleague of mine asked me what it was and asked me if I was fucking Welsh!",,https://www.reddit.com/r/CasualUK/comments/ch930k/i_pulled_out_a_cool_bottle_of_irn_bru_at_work_on/,1563979487.0,87,0.96,13,CasualUK,_echo_gecko
ch8x7z,Lightning in Wales (credit: Keith Jones),,https://i.redd.it/l3h6a406i9c31.jpg,1563978712.0,505,0.99,32,CasualUK,millsytime
ch8e3f,Tallest freestanding structure in the UK getting hit in last night's storm,,https://i.redd.it/h0cb7yx1a9c31.jpg,1563975997.0,195,0.99,23,CasualUK,ssnhqsanchez
ch80p2,"I Love how Netflix is still using Clarkson, Hammond and May to promote season 26 of Top Gear. It's been over four years since the trio did an episode of Top Gear.",[deleted],https://i.redd.it/cu66w28x39c31.png,1563973935.0,100,0.96,19,CasualUK,[deleted]
ch7yxh,"Caught the lightning on video last night, from my bedroom window.",,https://v.redd.it/tv6ku9s729c31,1563973678.0,136,0.98,13,CasualUK,hollyisnotgay
ch7p4l,The infamous baking box/cupboard,,https://i.redd.it/506l9d3oy8c31.jpg,1563972161.0,97,0.95,25,CasualUK,IsshikiSatoshi
ch7ntc,"My son is mocking my old music machine. Told me to ‚Äòget with the times grandma‚Äô, cheeky sod, this is a classic.",[deleted],https://i.redd.it/9u65xbi1y8c31.jpg,1563971945.0,179,0.98,32,CasualUK,[deleted]
ch7m0z,"This Matilda II is currently on sale for ¬£170,000.",[deleted],https://i.imgur.com/Wuhn5kl.jpg,1563971660.0,242,0.99,53,CasualUK,[deleted]
ch7kib,Sign in my local chippy,,https://i.redd.it/h5z5yi77w8c31.jpg,1563971398.0,1104,0.98,19,CasualUK,BedSideCabinet
ch7g0e,Missguided strikes again,[deleted],https://i.redd.it/rkj4aihjq8c31.jpg,1563970688.0,86,0.95,9,CasualUK,[deleted]
ch6s86,Watching the lightning last night was weirdly relaxing,,https://v.redd.it/g0p6gvchh8c31,1563966527.0,174,0.97,19,CasualUK,ron_mcphatty
ch6cxd,"Curse you British summer, my Cola bottles are now a Cola block!!!",,https://i.redd.it/dmf5t36698c31.jpg,1563963582.0,683,0.98,58,CasualUK,golliwoza
ch696m,No bread knife no problem,,https://i.redd.it/3ko417qx68c31.jpg,1563962830.0,404,0.97,48,CasualUK,you-just-readit
ch67be,My Dad (Black cab driver) sent me this photo with this comment ‚ÄúIt‚Äôs the Mall - the road leading to Buckingham Palace which is the only residential house on the street‚Äù,[deleted],https://i.redd.it/fol9hrnu58c31.jpg,1563962464.0,469,0.99,29,CasualUK,[deleted]
ch677i,"It‚Äôs a beautiful day lads and lasses, make sure you stay hydrated.",,https://i.redd.it/ajshrkgr58c31.jpg,1563962440.0,59,0.9,19,CasualUK,millsytime
ch60vm,Me and my boyfriend finally visited the great monument that is a Bude tunnel,,https://i.redd.it/dwr17xpx18c31.jpg,1563961149.0,277,0.92,35,CasualUK,pandaramallama
ch5mlw,The internet‚Äôs broken at work. This is how my day has currently planned out..,,https://v.redd.it/9okv4olus7c31,1563958177.0,120,0.94,27,CasualUK,licklesparkle
ch5a5b,"If you‚Äôll use it, have it!",,https://i.redd.it/xch5d24uk7c31.jpg,1563955396.0,222,0.97,14,CasualUK,fakeginger1
ch4a9m,Warm Wednesday,"Ok, so it‚Äôs hot. Have you adjusted to the heat yet? 

Use this thread for your heat related grumbles / successes and tips for staying cool as a cucumber.

Happy hump day!",https://www.reddit.com/r/CasualUK/comments/ch4a9m/warm_wednesday/,1563948315.0,88,0.97,393,CasualUK,GFoxtrot
ch1og5,Dont mind me. Im just another mesmerised brit contributing to the plethora of lightning strike photos,,https://i.redd.it/hd4g1srlo5c31.png,1563932449.0,146,0.96,7,CasualUK,NordicBeserker
ch1m1e,"Heard the rain, thought I‚Äôd take a look outside",,https://v.redd.it/qpow2xa7n5c31,1563932075.0,57,0.92,7,CasualUK,khalidan
ch1hpd,It's 2am and I can't go to sleep because watching this incredible lightning show is too good to miss,Absolutely addictive,https://www.reddit.com/r/CasualUK/comments/ch1hpd/its_2am_and_i_cant_go_to_sleep_because_watching/,1563931400.0,82,0.96,32,CasualUK,gertiekins
ch1g0i,Jesus this is a storm and a half,[deleted],https://i.redd.it/5vy06p0pk5c31.jpg,1563931137.0,257,0.97,74,CasualUK,[deleted]
ch18cn,Took a pic of lightning - makes it look like it‚Äôs daytime,,https://i.redd.it/mgzovww4h5c31.jpg,1563929954.0,135,0.96,9,CasualUK,ThePuds
ch11e0,DID YOU HEAR THAT FUCKING THUNDERCLAP,Was talking to dad and what sounded like a fucking artillery shell just woke up the whole west Midlands,https://www.reddit.com/r/CasualUK/comments/ch11e0/did_you_hear_that_fucking_thunderclap/,1563928886.0,101,0.98,70,CasualUK,wuuluu48
ch0wjq,Currently on this weeks episode of night shift.......,,https://i.redd.it/r06bv0pqb5c31.jpg,1563928123.0,62,0.95,4,CasualUK,lwjp1995
ch0on3,True British art.,,https://i.redd.it/btwfjh7785c31.jpg,1563926952.0,58,0.95,3,CasualUK,Naych
ch0hg4,typical English wea... oh...,,https://v.redd.it/9938wiks45c31,1563925877.0,112,0.97,24,CasualUK,MrBopee
ch09en,Never forget the time Dennis sawed his table in half for a laugh,,https://i.redd.it/z9g3y7rda2c31.jpg,1563924692.0,66,0.97,8,CasualUK,AdmyralAkbar
ch05oc,"Close bedroom window and sweat like a 70‚Äôs tv presenter waiting for a knock at the door, or leave window open and turn bedroom into a moth singles disco around the light while I read?",,https://www.reddit.com/r/CasualUK/comments/ch05oc/close_bedroom_window_and_sweat_like_a_70s_tv/,1563924140.0,80,0.97,6,CasualUK,sketchoking
cgz3hw,"Attempted to photo the ISS passing over just now, needs processing but I'm pleased with my first effort in years",[deleted],https://i.redd.it/vhsu7p33k4c31.jpg,1563918861.0,81,0.96,10,CasualUK,[deleted]
cgyc79,Who remembers Fiendish Feet yogurts?,,https://i.imgur.com/9bpxZp5.jpg,1563915277.0,743,0.97,65,CasualUK,mykeuk
cgyaj1,"A bloke in the pub told me that 5G has been made by AI to eradicate the human race by 2040. I sort of like you lot, so thought you should probably know so you can get your affairs in order",,https://www.reddit.com/r/CasualUK/comments/cgyaj1/a_bloke_in_the_pub_told_me_that_5g_has_been_made/,1563915071.0,215,0.98,54,CasualUK,mummifiedllama
cgy4z8,Knaresborough looked beautiful today,[deleted],https://i.redd.it/v010m91t64c31.jpg,1563914356.0,197,0.98,2,CasualUK,[deleted]
cgx7lo,"It seems all us brits have the same idea when the sun's out, certainly got a giggle out of me and my girlfriend!",,https://i.redd.it/agu6xqy1u3c31.jpg,1563910072.0,155,0.96,20,CasualUK,cdogbrian
cgx5ot,Typical slow Tuesday at the local.,[deleted],https://i.redd.it/r5xb3o09t3c31.jpg,1563909823.0,74,0.92,4,CasualUK,[deleted]
cgx1vu,Got my delivery from ASDA and they substituted my Supernoodles for Quavers,,https://i.redd.it/otwt8nrur3c31.jpg,1563909333.0,6362,0.97,324,CasualUK,roidweiser
cgwzfa,"I don't need 4 packs of doughnuts, but if Morrisons is putting them down to 9p each then what can I do?",,https://www.reddit.com/r/CasualUK/comments/cgwzfa/i_dont_need_4_packs_of_doughnuts_but_if_morrisons/,1563909022.0,581,0.99,85,CasualUK,Snurze
cgw8x8,Since becoming a dad this image has summed up 99% of my British summers.,,https://i.redd.it/gcr48ybzg3c31.jpg,1563905676.0,292,0.98,55,CasualUK,thedudeabides80
cgvwgu,Met my childhood hero today!!!,[deleted],https://i.redd.it/ejmztw9cc3c31.jpg,1563904111.0,117,0.91,44,CasualUK,[deleted]
cgvn7g,"Chaos on the motorways so satnav took me on a detour, and I spotted this place from the road. Privet, Hants.",,https://i.redd.it/1o7yaa7v83c31.jpg,1563902947.0,198,1.0,20,CasualUK,PM_ME_BEEF_CURTAINS
cgvh5y,"Just bumped into the back of the nicest persons car, completely my fault, and they didn't drag my feet over the coals in the slightest. Thank you stranger.","So as I said, completely my bad. Edging onto a rush-hour-congested roundabout I look in front, see the cars moving, look to the right, see a gap and don't check in front before 5mph'ing it into the back of the car in front. What a pleb.

We both pull over and my internal monologue is making it clear how much of a prick it thinks I am. Turns out the woman who's car I've just subtly assaulted is a Saint in comparison, making it clear that she's been had with the old whiplash gambit in the past and has no intentions of doing the same, I'll take your details and get the car checked out and we'll sort it out she says.

There's a small dent on the back, hard to notice, but I feel bad and insist that I can pay to fix whatever needs doing. She points to the 08 reg and says something along the lines of the thing is more dents than car at this point, we swap details and off we go on our way.

Very cool, thanks stranger that's made my day. I can't say I'd have been so calm in your shoes and will be keeping that in mind when I'm on the receiving end of this kind of thang.

The worlds not so bad ey.",https://www.reddit.com/r/CasualUK/comments/cgvh5y/just_bumped_into_the_back_of_the_nicest_persons/,1563902189.0,195,0.99,49,CasualUK,FranksBestToeKnife
cguxv1,No wonder my parcels never show up,,https://i.redd.it/1cdr1n7iz2c31.jpg,1563899795.0,143,1.0,10,CasualUK,edgfb
cguvbj,Stunning image of Tower Bridge very early this morning,[deleted],https://i.imgur.com/WM7mzSi.jpg,1563899482.0,444,0.98,29,CasualUK,[deleted]
cgund2,The journey continues - heading over the Spey,,https://i.redd.it/smrm0g3lv2c31.jpg,1563898478.0,87,0.94,4,CasualUK,redwaves19
cgun49,Map of the British Isles around 700 AD,,https://i.redd.it/qorpkzahv2c31.jpg,1563898444.0,1577,0.99,268,CasualUK,ollyhinge11
cguiyj,As per the yearly tradition,,https://i.redd.it/l2ukdy3wt2c31.png,1563897924.0,101,0.94,11,CasualUK,jamie_a_
cgu6z0,"It was such a nice day, the drinks and chat after my Gran's funeral moved to the beer garden.","It's ok guys, she was 91. Lets just all collectively enjoy the idea that I worked on my tan at a funeral.",https://www.reddit.com/r/CasualUK/comments/cgu6z0/it_was_such_a_nice_day_the_drinks_and_chat_after/,1563896381.0,134,0.96,43,CasualUK,Loreki
cgss7f,Neither of them did better than a 7,,https://i.redd.it/52wddf3o42c31.jpg,1563889426.0,61,0.91,24,CasualUK,truc_de_ouf
cgs96b,Maybe I'll just grab a bag of crisps actually...,,https://i.imgur.com/Z987m3w.jpg,1563886537.0,338,0.98,8,CasualUK,moshbeard
cgs5ct,"Even the seagulls are struggling with the heat today. This unit has constantly been coming into our office block to get out of the sun, so the security guard decided he could use a drink to cool down.",,https://i.redd.it/3g864dd7u1c31.jpg,1563885906.0,322,0.97,38,CasualUK,SparklyBoat
cgrt8s,Good old Blighty in summer time..,,https://i.redd.it/5jeu58z7o1c31.jpg,1563883909.0,95,0.98,5,CasualUK,slothmk1
cgrseo,Wish us luck tonight! Any team name suggestions are greatly appreciated üòÇ,,https://i.redd.it/k7zftwetn1c31.jpg,1563883766.0,88,0.94,76,CasualUK,Spacecookie92
cgrs1o,Managed to snap this as I came into London last night,,https://i.imgur.com/KOVwQMm.jpg,1563883713.0,5911,0.98,135,CasualUK,jailb
cgriql,"Ah, yes, the ""Pro Gaming Set"". Because only the most professional of gamers buy their accessories from an Esso petrol station.",,https://i.redd.it/krm1ilxxi1c31.jpg,1563882119.0,346,0.99,17,CasualUK,StonyTark3000
cgqqcx,The gritty live action remake,,https://i.redd.it/cscz93py21c31.jpg,1563876744.0,704,0.98,26,CasualUK,odiedodie
cgqoao,The neighbour's proving popular with the local tits,,https://i.redd.it/mfpp0k9vv0c31.png,1563876346.0,540,0.99,43,CasualUK,Mole451
cgqmq6,"Not a bad view, but it‚Äôs red hot in full PPE and working in the sun.",,https://i.redd.it/abx59b2x01c31.jpg,1563876057.0,65,0.94,16,CasualUK,up_the_brackett
cgq5vm,Greg Davies is the Villain in the upcoming Black Widow movie.,,https://www.digitalspy.com/movies/a28470484/black-widow-taskmaster-confirmed-concept-art/,1563872605.0,102,0.92,20,CasualUK,meatpain
cgpv6j,Snagged this rare beast yesterday,,https://i.redd.it/l9axamwaj0c31.jpg,1563870159.0,361,0.99,59,CasualUK,sg-ivii
cgpup8,Little rabbit came to say hi this morning at my work,,https://i.redd.it/cvmrao22j0c31.jpg,1563870051.0,129,0.99,24,CasualUK,Sheepski
cgpq7p,I only bloody passed it!,"After a month of stressing, I finally got my OU module results back. The final exam was in May.

During the course of the module, my mum passed away, I changed jobs, and took over a lot of parenting duties as the wife went back to work. Needless to say, I was not expecting a great score.

I passed.

I passed the exam (by a long way) and passed the module overall (by the narrowest of margins).

I am so chuffed.

Now to pick modules for the next year, and I have no idea what to choose.",https://www.reddit.com/r/CasualUK/comments/cgpq7p/i_only_bloody_passed_it/,1563869010.0,647,0.93,90,CasualUK,PM_ME_BEEF_CURTAINS
cgpplm,Someone forgot to change the advertising. I work with idiots.,,https://v.redd.it/yqjmjkeef0c31,1563868871.0,752,0.98,30,CasualUK,weallhaunt
cgpg9n,Not sure this person knows how a bike lock works,,https://imgur.com/k139QPl,1563866846.0,729,0.99,61,CasualUK,OnePlayerReady
cgp6qr,"This morning, I brushed my teeth with Germolene in disguise.",,https://i.redd.it/wahnc2gr30c31.jpg,1563864905.0,57,0.92,20,CasualUK,Violetpie78
cgk2qd,Manchester Picnicadilly,[deleted],https://i.redd.it/gb9kdmyklxb31.jpg,1563834582.0,127,0.99,10,CasualUK,[deleted]
cgjwjb,I work at nandos and found a little kid made an attempt at drawing the sacred S. Proud to see the legacy has been passed on to the next generation,,https://i.redd.it/wkvjc944jxb31.jpg,1563833749.0,214,0.97,27,CasualUK,ThrwAway93234
cgjfrq,Often see these guys in the local river. First time I've seen them spawning at sea.,,https://imgur.com/NfFnOkt,1563831542.0,71,0.97,7,CasualUK,Rmtcts
cgivlc,Bournemouth beach with gorgeous fine sand.,,https://i.redd.it/qrxrblnu4xb31.jpg,1563828953.0,79,0.97,8,CasualUK,Randy_McKay
cgirgm,Advice for London life printed on dining wet wipes,,https://i.redd.it/zwq58fj83xb31.jpg,1563828411.0,436,0.98,16,CasualUK,nasos007
cgie50,Passed this masterpiece on my way home from work,,https://imgur.com/ZfwyorP,1563826656.0,2955,0.99,31,CasualUK,trashedandscattered
cgg8r2,We need answers Heather,,https://i.redd.it/auzsii5h4wb31.jpg,1563816745.0,266,0.98,31,CasualUK,[deleted]
cgfpce,"Look into my eyes , not around my eyes , directly into my eyes , your under if you see me in the street you will give me a pouch of felix",,https://i.redd.it/xwzv6euaxvb31.jpg,1563814307.0,604,0.96,28,CasualUK,catdog1934
cgfm3j,Tom Scott visits the Humber Bridge: How to Stop a Colossal Bridge Corroding,,https://www.youtube.com/watch?v=dLQQ1F7hplA,1563813891.0,81,0.94,33,CasualUK,Jaraxo
cgfkqe,Our green and pleasant land,,https://i.redd.it/g1cfm8jjvvb31.jpg,1563813717.0,190,0.95,10,CasualUK,catdog1934
cgfi1p,Special on at the local,,https://i.redd.it/htjtfa2huvb31.jpg,1563813364.0,451,0.96,43,CasualUK,EmMcConnell
cgff71,Lovely view from a beer garden in a pub near Stoke On Trent,,https://i.redd.it/vrensf7etvb31.jpg,1563812995.0,95,0.98,21,CasualUK,Beef_Keefer
cgf27s,Call me a pimp because I've just paid for my first hoe,[deleted],https://i.redd.it/pkhofrabovb31.jpg,1563811302.0,322,0.94,37,CasualUK,[deleted]
cgdtv1,"We only have a small balcony, but we're growing tomatoes, cucumbers, aubergines, chillies, peppers and herbs amongst other things!",[deleted],https://i.redd.it/9jloocns6vb31.jpg,1563805393.0,1088,0.98,42,CasualUK,[deleted]
cgd5g8,Well that makes me feel a tad old...,,https://i.redd.it/undzh0x2wub31.jpg,1563801787.0,1330,0.95,64,CasualUK,Prof_Mumbledore
cgcmlb,"Somebody spent exactly ¬£1.32 to get this letter to me, I'm humbled",,https://i.redd.it/o19eaez4nub31.jpg,1563798788.0,180,0.97,47,CasualUK,Slooth1707
cgb6qi,Talking bollocks is good for you gents,,https://i.redd.it/3ns3rbq8utb31.jpg,1563789095.0,290,0.98,36,CasualUK,mazdanc
cgamzn,English Festivals...,,https://i.redd.it/41vqz68ohtb31.jpg,1563784858.0,155,0.98,84,CasualUK,Hauls-Ropes-Faster
cgafo4,"Finally, some good news.",,https://i.redd.it/b367cslkctb31.jpg,1563783137.0,196,0.98,18,CasualUK,UberPirateNinja
cgadje,"Saw this guy in Cornwall. I'm from Wales, presumed this was normal down South.",,https://i.redd.it/uhbpa521btb31.jpg,1563782650.0,1679,0.99,114,CasualUK,Cubejam
cg99r7,I say tea. This does not correlate with where I live.,,https://i.redd.it/k2hrbvocmsb31.jpg,1563774302.0,238,0.97,123,CasualUK,bobfredharry
cg68l7,Tourist came to spoons and I couldn't take his money.,,https://i.redd.it/gauo96kk1rb31.jpg,1563755210.0,91,0.93,21,CasualUK,WhoIsHugh
cg5b2p,Some twats keep dumping their rubbish down our village back lane. Any tips to scare them off?,,https://i.redd.it/4yuaipbhlqb31.jpg,1563749796.0,86,0.98,64,CasualUK,believeinthebin
cg55ep,The best way to charge your car!,,https://i.redd.it/30z962ouiqb31.jpg,1563748913.0,142,0.96,100,CasualUK,arnav-singh
cg499h,"Walking around Betws Y Coed was a pleasure. I‚Äôd never been to Wales before, I‚Äôd definitely go again!",,https://i.redd.it/fl2ctzoc4qb31.jpg,1563744041.0,129,0.99,7,CasualUK,Szmanda44
cg3jj1,Thank You Tesco!!,,https://i.redd.it/wz9gpue8tpb31.jpg,1563740315.0,551,0.94,87,CasualUK,cunty-cunt-cunt
cg39l6,After finishing my university placement I finally took the time to explore the beautiful countryside around me,[deleted],https://i.redd.it/jrzdptgyopb31.jpg,1563738863.0,137,0.99,9,CasualUK,[deleted]
cg2uxx,"Today, I witnessed a huge tattooed bloke pour out a cup of tea into a huge dog bowl, for his huge bulldog to lap up. I don't think I've ever seen anything so British.",,https://www.reddit.com/r/CasualUK/comments/cg2uxx/today_i_witnessed_a_huge_tattooed_bloke_pour_out/,1563736785.0,378,0.97,35,CasualUK,SupermotoArchitect
cg2hbn,"Buttermere, The Lake District",,https://i.redd.it/zzqhyliwcpb31.jpg,1563734811.0,434,0.99,16,CasualUK,adzladz94
cg2cvt,Reassuring how they keep pesky foreign rain clouds away from our Sceptered Isle.,[deleted],https://i.redd.it/5yef7efyapb31.jpg,1563734153.0,9574,0.98,213,CasualUK,[deleted]
cg1gwe,Are we still doing slo-mo?,,https://v.redd.it/wd65yy9fxob31,1563729623.0,106,0.98,10,CasualUK,AGeary
cg1ekk,Bastard Seagulls,,https://i.redd.it/k6iuxuhiwob31.png,1563729302.0,168,0.97,40,CasualUK,Jrxiv
cg1aah,The Red Arrows at The Royal Air Tattoo today,[deleted],https://i.redd.it/l9m7cvgpuob31.jpg,1563728706.0,243,0.96,13,CasualUK,[deleted]
cg0swv,Parks and Rec Leslie Knope - UK &amp; Ireland edition,,https://i.redd.it/xzkgx39anob31.jpg,1563726188.0,79,0.85,8,CasualUK,popbiscuits
cg0mhw,GFs dad just brought out this amazing sponge cake at a family gathering,,https://i.redd.it/cuwqnxfhkob31.jpg,1563725249.0,614,0.98,18,CasualUK,h2n0954
cg0i48,Hot Wheels has changed a bit since I was a lad.,,https://imgur.com/MVGz7oy.jpg,1563724619.0,112,0.93,17,CasualUK,featurenotabug
cg0ec5,A minute of silence for one of God‚Äôs greatest creations. Gone but not forgotten,,https://i.redd.it/itny5suwgob31.jpg,1563724045.0,1092,0.97,87,CasualUK,rHM2
cg0e9p,Some of the litter I picked up on Scafell. Please don't.,,https://i.imgur.com/eVsH7iO.jpg,1563724034.0,1750,0.98,106,CasualUK,Third_Chelonaut
cfzef0,Seagulls are getting bigger in Brighton,,https://i.redd.it/ddmc5yesznb31.jpg,1563718326.0,117,0.96,13,CasualUK,rosseepoo
cfz6cp,U WOT MATE??,,https://i.redd.it/x8g6hhkvvnb31.jpg,1563716973.0,338,0.96,12,CasualUK,[deleted]
cfz6ca,"Walking my dog in the forest, found a feral VW Polo basking in the sun.",,https://i.redd.it/4vtmrqhvvnb31.jpg,1563716971.0,510,0.99,50,CasualUK,JeSuisJimmyB
cfz41j,Wilko‚Äôs promoting kids lunches from the 1800‚Äôs,,https://i.redd.it/f9wi3s6nunb31.jpg,1563716558.0,68,0.95,4,CasualUK,ParanormalProse
cfyzaq,"A chill day in Colchester's castle park, listening to pre-concert tunes.",,https://i.redd.it/2z19gxqyrnb31.jpg,1563715659.0,191,1.0,5,CasualUK,North_Tea
cfyx7j,I guess someone didn‚Äôt see the sign,,https://i.redd.it/v5dz3jqsqnb31.jpg,1563715266.0,159,0.98,6,CasualUK,mumblebeeboy
cfysz4,Shoutout to the boffins at Jodrell Bank who intercepted Russia‚Äôs Luna 9 photos and got them published before the Russians did.,,https://i.redd.it/qxml91udonb31.jpg,1563714451.0,123,0.99,13,CasualUK,vbloke
cfys2s,my mam was doing a clear out and asked if i needed any of this,,https://i.redd.it/22230vtvnnb31.jpg,1563714284.0,139,0.99,33,CasualUK,CrustyBalls-
cfxvki,Meet Squeaky the baby seagull: found him in St Ives sat on a wall as he still cannot fly. His mum always visits though!,,https://i.redd.it/nt0bxdob2nb31.jpg,1563707064.0,98,0.93,19,CasualUK,BanoffeeBoi35
cfxpyw,A fine tribute that is,[deleted],https://i.redd.it/57rb80sjalb31.jpg,1563705671.0,364,0.98,13,CasualUK,[deleted]
cfxk6q,Warning: UK TV repeats may cause depression if you see stuff like this,,https://i.redd.it/6g0ukzuetmb31.png,1563704142.0,147,0.97,61,CasualUK,queen-adreena
cfwyr8,My grandmother kept loads of old newspapers. She must have thought this offer on Servowarm was quite a big deal.,,https://i.redd.it/k0ppa8ujcmb31.jpg,1563698369.0,168,0.97,23,CasualUK,Yachting-Mishaps
cfwwnt,"Yesterday had to explain to my daughter about Morris dancers ""well they're dancers who hit sticks and wear bells"" she was not impressed.",,https://i.redd.it/45zclf4uamb31.jpg,1563697788.0,132,0.97,38,CasualUK,hazengray81
cfwrvh,"Feeding me mate Billy in North Wales, not much of a conversatilist, just bleats when he is happy",,https://i.redd.it/jxgas8z17mb31.jpg,1563696524.0,88,0.99,6,CasualUK,Cover95000
cfwiat,Dropped in on Barry Island yesterday. It's lush,,https://imgur.com/drdA9Po.jpg,1563693964.0,107,0.96,18,CasualUK,[deleted]
cfu18y,Six months ago I returned to the US after two years in London. Yesterday my next door neighbors came back from their UK holiday. Rarely have I been so excited.,,https://i.redd.it/9xwdl33ogkb31.jpg,1563675537.0,4363,0.98,258,CasualUK,PoshOctopod
cfta14,One of the kids in my VERY quiet street has thrown a house party as parents are on holiday. It has got out of hand.,,https://i.redd.it/vrpr3kfb2kb31.jpg,1563670731.0,178,0.95,42,CasualUK,millsytime
cfs0gp,Only rubbish music can come out of this...,,https://i.redd.it/xz9p9pkkfjb31.jpg,1563663061.0,70,0.95,16,CasualUK,ale152
cfr9b1,The one that started it all!!!,,https://i.redd.it/94fgx3rt2jb31.jpg,1563658787.0,448,0.99,60,CasualUK,[deleted]
cfqzik,"Im in hopsital, just had my appendix removed...","Im laying in a dark room, off my fucking pickle on oramorph, and Absolute radio are playing Dark side of the moon, in its entirety, in honour of the 50th anniversary of the Apollo 11 moon landing. 

This is not so bad.",https://www.reddit.com/r/CasualUK/comments/cfqzik/im_in_hopsital_just_had_my_appendix_removed/,1563657277.0,122,0.97,34,CasualUK,StandardIssueCaveman
cfqqmm,"I hope you can appreciate this lollipop stick galleon I made with friends last year. Like most projects it stopped at 95% complete. (Missing sails, rigging and brown paint.) Like it though. Happy weekend to all.",,https://i.redd.it/9fqsb52huib31.jpg,1563655966.0,234,0.99,15,CasualUK,drewsenberg
cfpv22,A sign at my local pub.,,https://i.redd.it/8g5u8m4lgib31.jpg,1563651327.0,256,0.98,19,CasualUK,LurkingGinger1988
cfpt2a,Tortoise casually walking along the streets of Manchester,[deleted],https://i.redd.it/dofabbtvdib31.png,1563651043.0,188,0.99,16,CasualUK,[deleted]
cfp7yu,The heaven opening this afternoon at work.,[deleted],https://i.redd.it/z530oi4q6ib31.jpg,1563647979.0,93,0.97,12,CasualUK,[deleted]
cfovv2,Chatham Art,,https://i.redd.it/vwltmjzl1ib31.jpg,1563646260.0,79,0.98,6,CasualUK,VivaChazVegas
cforkg,The Arthur dish at Goonhilly in Cornwall that received the live broadcast from the moon.,,https://i.redd.it/jbzogewrzhb31.jpg,1563645650.0,63,0.94,11,CasualUK,clausy
cfomkn,Henley Park Maze was a little underwhelming,,https://i.redd.it/u6p4e00zwhb31.jpg,1563644937.0,97,0.97,12,CasualUK,DarrenGrey
cfogzl,Spotted in a South London Chinese takaway/chippy.,,https://i.redd.it/ulhle0pfvhb31.jpg,1563644187.0,59,0.91,15,CasualUK,robotguzzi
cfoa6x,666 The number of the bins,,https://i.redd.it/iaw6uaoishb31.jpg,1563643204.0,329,0.98,20,CasualUK,StandardSize
cfnllh,The local starts serving food 11 hours before they open...,,https://i.redd.it/4iydrylqhhb31.jpg,1563639578.0,61,0.88,7,CasualUK,JayJayMerks
cfm0ii,Today is the 50th anniversary of the Apollo 11 moon landing!,,https://i.redd.it/lqi9m8f5rgb31.jpg,1563630633.0,801,0.99,25,CasualUK,t0by1ken0bi
cflzfg,Unconventional advice from Argos,"Aye thanks Argos. I'll give all the delegates their agendas pinned to table tennis bats.

https://preview.redd.it/v3adoljhqgb31.jpg?width=989&amp;format=pjpg&amp;auto=webp&amp;s=dd525e2247b92a53110c5d9708156930c4827684",https://www.reddit.com/r/CasualUK/comments/cflzfg/unconventional_advice_from_argos/,1563630454.0,64,0.98,9,CasualUK,Terry-Thomas
cflpek,Is there a better feeling in British life than getting a first class train ticket CHEAPER than a peasant class ticket?,,https://i.redd.it/2w00nofblgb31.jpg,1563628674.0,169,0.95,36,CasualUK,_echo_gecko
cfleyn,Made this beast out of fruit salads and black Jack's earlier,,https://i.redd.it/esd8uza7fgb31.jpg,1563626617.0,66,0.89,22,CasualUK,thatguyben12
cflayw,"Something i've shot yeasterday during the thunderstorm , the magnificient SNAIL!",,https://v.redd.it/ly1zsozscgb31,1563625820.0,65,0.98,6,CasualUK,t3chhno
cfkvms,Would hate to be the owner of this car...,,https://i.redd.it/pb0kxd893gb31.jpg,1563622598.0,97,0.96,22,CasualUK,Dannypan
cfkk2o,Asked my husband for crispy bacon,,https://i.redd.it/gdmbh5d3vfb31.jpg,1563619853.0,163,0.96,20,CasualUK,yalanyalang
cfkfd5,Welcome to the Himalayas! (aka Cheshire),,https://i.redd.it/yhv230jvrfb31.jpg,1563618771.0,145,0.98,8,CasualUK,[deleted]
cfjv6e,Most UK slow-mo scene. Dumb video but felt like sharing. HAPPY WEEKEND EVERYONE!,,https://v.redd.it/vr5u0nnwdfb31,1563614079.0,6200,0.91,177,CasualUK,GaCoRi
cfit9k,Who remembers Ritz Video? Blockbuster before Blockbuster.,,https://i.redd.it/1jssn1l9meb31.jpg,1563604781.0,194,0.98,37,CasualUK,[deleted]
cfe1e3,Let‚Äôs not forget the British moon landings! Mr Spoon going where no Brit has gone before,,https://i.redd.it/99c53kqe4cb31.jpg,1563574557.0,202,1.0,18,CasualUK,Heresy1666
cfdeoo,"Scrolling through the User Flair Selection for the Subreddit and realising that there's no ""Wallace and Gromit"" Flair.",,https://i.redd.it/ybeopo71vbb31.jpg,1563571529.0,303,1.0,12,CasualUK,MrVernonDursley
cfcm4b,My daughter is preparing for Year 7,,https://i.redd.it/sthak79njbb31.png,1563567581.0,146,0.96,24,CasualUK,imalizzard
cfbpxh,The wife just accidentally put cat food in the washing machine,,https://i.redd.it/u8wp7rhp6bb31.jpg,1563563224.0,364,0.99,42,CasualUK,Little_to_no_effort
cfatru,Lady on the bus THANK YOU,"I was on the bus with my kids, my daughter who is 2 was throwing a tantrum, wouldn‚Äôt sit in buggy, didn‚Äôt want to sit with me, crying and screaming 

Every parents nightmare when on a bus

Everyone else‚Äôs worst experience when on a bus with a screaming child

I played with her, gave her a drink and tried to distract her

Every so often she‚Äôd be happy and be loud laughing and every so often she would want to get down or cry because she wanted to walk about the bus (and I wouldn‚Äôt let her)

The lady behind me tapped me on the shoulder just as she was getting off for her stop

She told me I was doing fine and well done, her kids are grown up now but she can remember these times and not to worry 

Honestly, thank you, I am so sorry everyone‚Äôs bus ride wasn‚Äôt the best or the quietest but your support and kind words really helped me!

Instead of going home and crying and feeling like a shit mum I‚Äôm now home with a cup of tea cuddling my daughter and looking at ways we can avoid this again!

Thank you again 

And sorry to anyone who was on the bus who didn‚Äôt hear me apologise when I got off",https://www.reddit.com/r/CasualUK/comments/cfatru/lady_on_the_bus_thank_you/,1563559039.0,171,0.97,35,CasualUK,StrangeElf
cfao4h,The letting crisis knows no limit.,,https://i.redd.it/sceuwv50sab31.jpg,1563558302.0,179,1.0,14,CasualUK,Censsara
cfaiff,It's just dawned on me that fitting one of those overly loud 'performance' exhausts to your car is the adult equivalent of putting a card in your spokes.,"Using the term 'adult' loosely, mind.",https://www.reddit.com/r/CasualUK/comments/cfaiff/its_just_dawned_on_me_that_fitting_one_of_those/,1563557592.0,102,0.94,41,CasualUK,The_Scrunt
cfafpd,We had a nice visitor at work t‚Äôother day.,,https://v.redd.it/merfsriroab31,1563557245.0,98,0.98,7,CasualUK,JulesSilvan
cfa6nl,Some graffiti I found on a walk,,https://i.redd.it/iidrc3phlab31.jpg,1563556088.0,357,1.0,4,CasualUK,hi_me_use_reddit9559
cfa5xs,... And nobody dived!,,https://i.redd.it/f7gwvpm8lab31.jpg,1563556003.0,72,0.81,28,CasualUK,_LagrangeCalvert
cf9oxm,Coming back home after 3 months working in Australia,,https://i.redd.it/awvzv1dfeab31.jpg,1563553751.0,142,0.92,15,CasualUK,Cravatitude
cf9es3,For when Eric eats a banana an amazing transformation occurs. Eric is Bananaman!,,https://i.redd.it/rt69iijej9b31.png,1563552398.0,73,0.91,8,CasualUK,[deleted]
cf99gh,Huddersfield Away&gt;,,https://i.redd.it/1qtjyccf8ab31.jpg,1563551694.0,119,0.96,20,CasualUK,thatguy9921
cf7tw2,Considerate neighbourhood warning,,https://i.redd.it/9tuj6z0rm9b31.jpg,1563544410.0,104,1.0,1,CasualUK,SleeplessUnsettled
cf7pru,Thank you Boots for explaining what Half Price means.,[deleted],https://i.imgur.com/qopy9ZD_d.jpg?maxwidth=640&amp;shape=thumb&amp;fidelity=medium,1563543774.0,347,0.98,46,CasualUK,[deleted]
cf6yry,Falmouth at night with the RFA Argus in port,[deleted],https://i.redd.it/tm8v8cxz79b31.jpg,1563539478.0,82,0.97,20,CasualUK,[deleted]
cf696p,call the british transport police if you see anything,,https://i.redd.it/095i1zf7u8b31.jpg,1563534863.0,133,0.95,4,CasualUK,batterynotincluded
cf5yej,"First time I've stayed in the UK. Never realised it was so beautiful. Britannia Bridge over the Menai, Wales",,https://i.redd.it/2lnjb3vrn8b31.jpg,1563532646.0,160,0.97,38,CasualUK,KMBHillier
cf5uz3,I can't believe we have to resort to this. Stop dumping trash on public streets!!,,https://i.redd.it/0jeu8n2nk8b31.jpg,1563531922.0,80,0.9,25,CasualUK,narcissisthicc
cf5ui1,Everyone is talking about a Cats movie today. This is the only Cat I care about.,,https://i.redd.it/3x4ukqe6l8b31.jpg,1563531816.0,1877,0.98,113,CasualUK,quinn_drummer
cf5p3v,"Ain't stupid if it works (Manchester, Just Now)",,https://i.redd.it/pd7xp8ryh8b31.jpg,1563530689.0,102,0.97,18,CasualUK,Silecio
cf5llc,I saw your Cornwall and I present you mine.,,https://i.redd.it/fr8o8zumf8b31.jpg,1563529905.0,145,0.95,9,CasualUK,cmilewicki
cf56pu,When you really need to hold in a poo,,https://i.redd.it/9y6xqwj268b31.jpg,1563526689.0,78,0.86,12,CasualUK,Adcro
cf541n,John Cleese still is a good guy,,https://i.redd.it/sbp6g11r52b31.jpg,1563526080.0,739,0.94,103,CasualUK,odiedodie
cf4zjl,Someone has had an absolute nightmare in my village this morning,,https://i.imgur.com/UBzNjwg.jpg,1563524984.0,9601,0.97,382,CasualUK,36ChambersOfBreast
cf4sq0,"I am still on holiday but I have enough time for a Quiz post this week, so enjoy an old one!",,https://imgur.com/a/62tTpvt,1563523396.0,80,0.96,44,CasualUK,Kerigorrical
cf496r,July 19th. When Marathon become Snickers.,,https://www.youtube.com/watch?v=uNTI5xN0SAI,1563519207.0,85,0.96,15,CasualUK,JoanneKerlot
cf10e4,As a Brit traveling the world I fully respect the dedication that South American‚Äôs have to tea. This man ran a generator for the sole purpose of boiling the kettle.,,https://i.redd.it/6xg42sjyt5b31.jpg,1563498423.0,302,0.99,18,CasualUK,Jeremy_The_Toad
cezb71,Hope it's not too late to jump on this train..,,https://i.redd.it/lvztpvs925b31.png,1563489121.0,507,0.97,26,CasualUK,Fallout
ceyjbj,Having a Relaxing caravan holiday in Cornwall.,,https://v.redd.it/czmvhghtq4b31,1563485304.0,112,0.81,18,CasualUK,silla860
ceye6c,Who needs the Med when we have Cornwall,,https://i.redd.it/qs54cbdyo4b31.jpg,1563484612.0,259,0.98,44,CasualUK,donnakim82
cey8xc,I was today years old when I found out Morrison‚Äôs do jumbo sized biscuits,,https://i.redd.it/ak2ly11um4b31.jpg,1563483906.0,188,0.91,49,CasualUK,Starbiotic
cex6b4,Spotted in Sheffield. Poor David!,,https://i.redd.it/8psft6yn74b31.jpg,1563478852.0,101,0.97,35,CasualUK,[deleted]
cew7es,This is what grassing on your mates looks like,,https://i.redd.it/mlb2zgu2u3b31.jpg,1563474229.0,461,0.99,25,CasualUK,Ashvasey
cevj27,"A two week road trip through Devon, England and it was fantastic.","Okay, I have to be honest. As a Dutchie I really didn't know about some insanely beautiful places the UK has to offer. But when my girl asked me if I would go on a 2 week road trip through Devon with here I asked myself ""what is there to see?"". Little did I know that Devon would be THAT beautiful. The North coast with massive cliffs and roughness, Exmoor with it's ancient forests and meadows, the South coast which is just insanely beautiful (hidden) beaches, palm trees and boat life and not to forget Dartmoor with fantastic eerie vibes. Not to forget the lovely people who we've met. Everyone made sure we had a fantastic time We loved every-second of it and I'm hungry for more!   


If you want to check a small recap that I've filmed during our visit you can visit the following link: [https://www.youtube.com/watch?v=zSlO0rDRD6Q](https://www.youtube.com/watch?v=zSlO0rDRD6Q)  


But most of all, thanks to everyone in Devon for this amazing experience!",https://www.reddit.com/r/CasualUK/comments/cevj27/a_two_week_road_trip_through_devon_england_and_it/,1563471070.0,80,0.96,35,CasualUK,renesebastian
cevfaf,"It was a tough negotiation, but i got there in the end",,https://i.redd.it/7qzmv997j3b31.jpg,1563470570.0,413,0.99,33,CasualUK,[deleted]
ceurln,Got a pleasant surprise whilst on my lunch break today,,https://i.redd.it/3svqbfp5a3b31.jpg,1563467529.0,85,0.99,14,CasualUK,Yamosu
cetck9,"An American friend is currently traveling around the UK, I got this from him today.",[deleted],https://i.redd.it/c5gzzt0eq2b31.jpg,1563460883.0,1821,0.98,189,CasualUK,[deleted]
cetayf,3 hour walk up mount snowdon for this amazing view,,https://i.redd.it/4f1yf0kpp2b31.jpg,1563460657.0,259,0.99,35,CasualUK,Gorilla1807
cet209,O2 are a gem indeed.,,https://i.redd.it/ih0qnha1m2b31.jpg,1563459416.0,14408,0.98,234,CasualUK,Mimikker
cesvi2,When the whole town goes out hard in a Wednesday night (Oban),,https://i.redd.it/zelva99dj2b31.jpg,1563458528.0,337,0.99,26,CasualUK,mcleodpirate
ces5q9,Clasic Egghead,,https://i.imgur.com/edmkDz1.jpg,1563454735.0,331,0.98,33,CasualUK,tman612
cerus5,Rate my Nak,,https://i.redd.it/4sv0g0sw22b31.jpg,1563452985.0,158,0.98,32,CasualUK,jimwillis
certum,It‚Äôs the 118th birthday of Irn-Bru. Three cheers!,,https://i.redd.it/ncznhaug22b31.jpg,1563452836.0,69,0.97,20,CasualUK,highlander2189
cermgi,The fridge at my work after a few months of low profits and employees leaving,,https://i.redd.it/yqcy77bry1b31.jpg,1563451596.0,152,0.99,15,CasualUK,TompLad
cercn6,My apple tree fell over,,https://i.imgur.com/2eSvJCw.jpg,1563449907.0,135,0.98,33,CasualUK,Bagelsontoast
ceqq13,Local Morrison‚Äôs fake copper has got his eyes on you...,[deleted],https://i.redd.it/4aq7dio9h1b31.jpg,1563445706.0,303,0.98,20,CasualUK,[deleted]
ceq5um,Got a New 2019 Sherlock Holmes 50p in Change this Morning,,https://i.redd.it/hk74jgr651b31.jpg,1563441644.0,9993,0.96,297,CasualUK,[deleted]
cepoq6,I hate that this option on the unsubscribe list turns me into a Little Britain character every time,,https://i.redd.it/7xt0syxut0b31.png,1563437886.0,216,0.95,14,CasualUK,iamjackscoldsweater
ceph8g,"You have 24 hours to consume 10,000 calories of a single food item that is readily available from any UK supermarket. What do you go for and what's your plan of attack?",Edit: I'd like to clarify that you're only allowed to drink water and can't make up extra calories with beer/coke/milkshake etc like some people are planning to.,https://www.reddit.com/r/CasualUK/comments/ceph8g/you_have_24_hours_to_consume_10000_calories_of_a/,1563436232.0,61,0.97,135,CasualUK,26326312
ceoycn,This report by the SS on the attitude of British POWs during WW2 makes me very proud.,,https://www.reddit.com/r/europe/comments/33uvpd/a_report_by_the_ss_on_the_attitude_of_british/,1563432305.0,133,0.96,28,CasualUK,AmJusAskin
ceovkg,"We know food products are becoming smaller all the time, but M&amp;S takes the biscuit on this one. Teacup for scale.",[deleted],https://i.redd.it/zob6415nb0b31.jpg,1563431711.0,496,0.97,72,CasualUK,[deleted]
cekrqa,American here: I made a cake myself for the first time for my 14th. I thought I'd give it some British decoration. What do you guys think?,,https://i.imgur.com/rkhxOtw.jpg,1563407014.0,204,0.91,89,CasualUK,One_Blue_Glove
cehzur,"Little visitors - when we started feeding them, two of them fitted in the food dish. They have healthy appetites!",[deleted],https://i.redd.it/aapr6zau6xa31.jpg,1563393777.0,499,0.99,39,CasualUK,[deleted]
cehztr,Jim'll Paint It has done a new one!,,https://imgur.com/4eLRVtA,1563393774.0,259,0.98,14,CasualUK,SomeEnglishChap
cehsax,Found The Spoons‚Äô Holy Grail today ...,,https://i.redd.it/ky5r03k34xa31.jpg,1563392852.0,72,0.89,26,CasualUK,mitmot2000
ceh9pz,Sunset in Costa Del Yorkshire last night,,https://live.staticflickr.com/65535/48302532536_02e3c6ff35_k.jpg,1563390526.0,481,0.99,24,CasualUK,namboozle
cegrxj,I remember buying something like #35 of this when I was little. Can't wait for #20173 to come out next,,https://i.redd.it/uuw3la9eqwa31.jpg,1563388244.0,86,0.94,48,CasualUK,BaconDblCheesebrger
cefrwe,Tube map with the cheapest pint at the closest pub,,https://i.imgur.com/Y5v0rdk.jpg,1563383671.0,8761,0.98,680,CasualUK,peaclarke
cefp9a,I found a tiny door in Cambridge today,,https://v.redd.it/3z65ee1tbwa31,1563383352.0,308,0.99,35,CasualUK,boob-jiggle
cefnmw,"Found in France. Are you an English Pub, an Irish Pub, or a pancake restaurant!? MAKE YOUR MIND UP!",,https://i.redd.it/2t5d6sp8bwa31.png,1563383146.0,156,0.99,30,CasualUK,jaminbob
cefgeq,"Dolphins near Lusty Glaze beach, Cornwall",,https://i.imgur.com/OnfyIsY.jpg,1563382230.0,82,0.97,8,CasualUK,WTF_Karen
ceerjv,Giant Puffball (Calvatia gigantea).,,https://i.redd.it/ryvj4ezgzva31.jpg,1563379186.0,52,0.93,43,CasualUK,Dhorlin
ceeipl,Olny in the UK. (google maps),,"https://www.google.com/maps/@52.445916,-1.5260415,3a,15y,163.5h,87.81t/data=!3m6!1e1!3m4!1sBAOUKqEw_33f_v2W9IV9bw!2e0!7i13312!8i6656",1563378047.0,113,0.92,23,CasualUK,kiasari
ceeduc,In out in out shake em all about,,https://i.imgur.com/aP1F3dZ.jpg,1563377434.0,63,0.93,1,CasualUK,Maelarion
ceecwh,Being rude to a former nasty customer because you can.,"I used to work at a well know supermarket in a 1 horse town and there is this horrid woman in her late 60‚Äôs who was a Thorne in my side (and everybody else‚Äôs too) when I worked at said store.  
Today I was behind her in the post office queue, And she couldn‚Äôt get her bank card in the reader slot for about 1 million goes at it (as usual) when I said ‚Äòyou‚Äôre re sliding it under the reader, you need to go up a little higher.‚Äô 

She snaps at me ‚ÄòDon‚Äôt watch me when I‚Äôm getting my money, you‚Äôll steal it, I know what your like. Always charging me more at the checkouts.‚Äô
(like we decided the price of things at the tills) 
I replied‚Äô I was just trying to help like I used to at ‚Äòmy old work‚Äô. 
She said ‚Äòwell I don‚Äôt want your help‚Äô 
I said ‚Äòfine, I don‚Äôt know why I tried because your a nasty and rude and I don‚Äôt have to be nice to you anymore‚Äô
At this point the next counter became open and A she says to the cashier I need to go to that one because yours is broken‚Äô 
I snapped ‚ÄòIt‚Äôs not broken your not doing it right, now move so people can get served.‚Äô 
I‚Äôm not like this normally like this but this woman just winds me up. I later went back to the post office and apologised to the Cashiers and they just laughed and said she‚Äôs awful to them too.

Edit: your to you‚Äôre",https://www.reddit.com/r/CasualUK/comments/ceecwh/being_rude_to_a_former_nasty_customer_because_you/,1563377319.0,183,0.92,69,CasualUK,K_O_K13
cedd8i,In which 2 months are temperatures around the same?,,https://v.redd.it/uqcod4ocgua31,1563372713.0,116,0.97,12,CasualUK,SuspiciouslyExisting
ced65f,Looks like a good deal!,,https://i.redd.it/hmvybpacdva31.png,1563371779.0,623,0.98,18,CasualUK,[deleted]
cecydo,My pound broke,,https://imgur.com/FfjdK3B,1563370672.0,3003,0.99,154,CasualUK,nathanmcc1
cec4jc,Anyone know the best time to visit the new officeworker enclosure at London zoo?,,https://imgur.com/nJhg9UV,1563366188.0,985,0.99,37,CasualUK,IOnlyUpvoteBadPuns
cebsn7,Partner's Dad is an MG enthusiast whereas I know nothing about cars. Did a double take on this Ad in one of his magazines.,,https://i.redd.it/cvygthm8rua31.jpg,1563364312.0,227,0.99,16,CasualUK,anakor
cebkxi,"Fishing along the canal, the ""new"" housing estate kept these",,https://i.redd.it/udaq40g4nua31.jpg,1563362938.0,97,1.0,25,CasualUK,[deleted]
cebde7,Tickets Please,,https://i.redd.it/hts30gb5jua31.jpg,1563361595.0,1071,0.99,41,CasualUK,Swooshtatsu
ceb0cd,Contains scenes of a sexual nature,,https://i.redd.it/d7uejxrqbua31.jpg,1563359100.0,137,0.98,25,CasualUK,Mickmas123
ceaov2,"This portrait of the Queen in the our hotel was lacking something, I think this is an improvement.",,https://i.redd.it/eq7spja25ua31.jpg,1563356859.0,446,0.97,39,CasualUK,TPeteuil
ce9wia,Got a new car to deal with the morning rush hour.,,https://i.redd.it/pfumugkbnta31.jpg,1563350897.0,955,0.99,91,CasualUK,Rooferkev
ce8pjm,All these guys waiting for the newspaper delivery at 06h00.,,https://i.redd.it/afkg2unpxsa31.jpg,1563342276.0,424,0.98,117,CasualUK,rosseepoo
ce8jw4,Old people laugh at kids watching videos of people watching other videos then turn on BBC breakfast and watch people reading newspapers to them,,https://i.redd.it/3w1guwqkusa31.jpg,1563341222.0,649,0.96,46,CasualUK,ANDYSAWRUSS
ce2f6k,Old photo of my parents outside a posh restaurant in Blackpool that specialised in Toast,,https://i.redd.it/mrasclpo4qa31.jpg,1563308302.0,253,0.98,37,CasualUK,Mickmas123
ce260x,"If the UK had an Area 51, where would it be?",[deleted],https://www.reddit.com/r/CasualUK/comments/ce260x/if_the_uk_had_an_area_51_where_would_it_be/,1563307147.0,100,0.96,161,CasualUK,[deleted]
ce1hvl,Kent ‚ù§Ô∏è Roasted me like a chestnut today.,,https://i.redd.it/0z5ulo26spa31.jpg,1563304091.0,124,0.98,15,CasualUK,oconkath
ce0ags,"A converted phone box for books, in Kings Caple, Herefordshire",,https://i.imgur.com/E17BRMn.jpg,1563298721.0,98,0.96,15,CasualUK,hanawasakura
cdyqfy,Oh s***! Be a while before I see that again probably,,https://imgur.com/LnjfpQR,1563291802.0,160,0.95,25,CasualUK,techyno
cdyg8r,Yesterday evening on the relatively quiet bit of the North Norfolk coast - such an underrated part of the world!,,https://i.redd.it/z94i23aonoa31.jpg,1563290471.0,57,0.91,6,CasualUK,Late_Turn
cdy9f3,Ad for dog walking service in Bournemouth. Not much effort but is handy and does some good.,,https://i.imgur.com/zo2RlhO.jpg,1563289641.0,106,0.98,12,CasualUK,richh00
cdxzmb,"Just harvested this unit of a radish, check it out!",[deleted],https://i.redd.it/imv2873khoa31.jpg,1563288429.0,68,0.93,13,CasualUK,[deleted]
cdxxkc,Found my childhood for ¬£10 at a charity shop,,https://i.redd.it/s116tqnrgoa31.jpg,1563288149.0,1654,0.99,81,CasualUK,JaredIsCursedUwU
cdxa4q,Looking for a photo,"This is going to sound a bit odd, but me and my girlfriend were in the lake district for the great north swim from the 6th to the 9th of June and as we were walking past the lakefront in Bowness on Windemere(?) we were asked to walk in front of the camera of a wedding photographer. Apparently he thought it'd look cool if we were between the camera and the happy couple for one of the photos, it was one of the best weekends I've ever had and it's a really nice memory we have. I'm just wondering if any of you lovely people know anyone who got married there on the 7th of June (I think that was the day but I'm not entirely sure) and if you could ask them if they wouldn't mind sharing the photo, or if anyone knows of a wedding photographer who did a job/took a picture like that. If they don't want to that's absolutely fine I'd just like to surprise my gf with it.  Cheers and have a wicked day",https://www.reddit.com/r/CasualUK/comments/cdxa4q/looking_for_a_photo/,1563284949.0,62,0.97,11,CasualUK,Shukov97
cdx92p,"Spotted in a local off license. A glass of dry sack, you say? Sounds delicious.",,https://i.redd.it/0987n4cs6oa31.jpg,1563284793.0,84,0.97,13,CasualUK,[deleted]
cdwosg,The buses at Leeds-Bradford Airport seem to think the planes take off from the North Sea,,https://i.imgur.com/cCCBF6e.jpg,1563281832.0,92,0.97,7,CasualUK,kenbw2
cdwj6p,"Regardless of your opinion of Corrie, I think we should all appreciate that this guy is 87 years old.",,https://i.redd.it/t9fjrzd6vna31.jpg,1563280948.0,189,0.94,41,CasualUK,Blackintosh
cdw8it,"Fun fact: England is the only country to win the football, rugby and cricket World Cup üòä",,https://i.redd.it/pbs11yq6qna31.jpg,1563279212.0,7355,0.94,497,CasualUK,creativeduck84
cdvy8g,I realise ducks are a touchy subject but I found a bat in my hallway this morning. I set him/her free and he/she flew off into the morning sun.,,https://i.redd.it/45ovuxp4lna31.jpg,1563277527.0,215,0.98,71,CasualUK,highlander2189
cdvuih,"Clydebank Library , as well as most of the town, was obliterated over a number of nights during WW2. This book was found amongst the rubble, embedded with shrapnel from the Luftwaffe.",,https://i.redd.it/94ii3k19jna31.jpg,1563276879.0,92,0.98,18,CasualUK,aff_it
cdvq4s,"York during summer. Bored tourist kids sat on the floor of most streets, on their phones.",,https://i.redd.it/re5vl5c1hna31.jpg,1563276141.0,160,0.96,46,CasualUK,[deleted]
cdvds9,What year is it?,,https://i.redd.it/8brb2g6fana31.jpg,1563273912.0,344,0.98,47,CasualUK,PM_ME_BEEF_CURTAINS
cdvbt3,Streets of London,,https://i.redd.it/12wragb89na31.jpg,1563273506.0,68,0.89,19,CasualUK,ammodolabs
cdudln,From a tripadvisor review of a hotel in Menorca. This is why they hate us.,,https://i.redd.it/jt2i79fqnma31.png,1563266296.0,236,0.97,79,CasualUK,mrsfran
lrubwo,Who recalls wearing a belt like this? (with the end dangling down of course),,https://i.redd.it/c9ojynhh5jj61.jpg,1614218078.0,189,0.97,56,CasualUK,Martipar
lrpwh7,Exeter Cathedral,,https://i.redd.it/743k65hlcij61.jpg,1614208327.0,91,0.97,5,CasualUK,[deleted]
lrpr5k,Really struggling just now,"I honestly don't know how to get out of the hole I'm in just now.  I know everyone is having a shit time just now but the last couple of years have been torture for me. 

To make a very long story short I lost both parents within days of each other in 2019.  Both were unexpected and obviously it hit me hard.  

I just about had my head together then the covid nightmare started.  I lost my job at the end of last year and have spent almost every day since trying to get benefits sorted out without any luck so far.  I'm flat bloke no savings no job and don't know how much more I can cope with.

I've been trying for weeks to get a GP appointment cause previous mental health issues are back but getting fobbed off constantly.  I spoke to someone from my local council who is arranging support but it's likely to be another 4/5 weeks before that's going to happen and I genuinely don't know if I have that much fight left in me.

Anyone got any advice?  Even better would be if anyone else has been in the same situation and got through the other side?


Edit - Genuinely thank you to everyone for the advice and words of support.  I managed to speak to my doctor yesterday and get the ball rolling.

Again thank you, it really did help so much.",https://www.reddit.com/r/CasualUK/comments/lrpr5k/really_struggling_just_now/,1614207939.0,82,0.96,33,CasualUK,jimb0j0nes2000
lrp07m,Challenge accepted,,https://i.redd.it/wcb5a0gp5ij61.jpg,1614206009.0,360,0.98,35,CasualUK,Stotallytob3r
lrp03n,"Son can't stop reading famous five books, so I made this for him",,https://i.redd.it/oghtieej5ij61.png,1614206001.0,84,0.83,11,CasualUK,IWAHalot
lrmm34,"Hmmm, something looks a little bit off with the pepperoni?",,https://www.reddit.com/gallery/lrmm34,1614198505.0,245,0.96,29,CasualUK,theheart_thelungs
lrm52l,Does anybody else HAVE to fold crisp packets into a triangle after they've finished them?,,https://i.redd.it/xn4edbntfhj61.jpg,1614197306.0,134,0.93,51,CasualUK,Forgetmyglasses
lrlmye,I have of late.. and wherefore I know not.. lost all my mirth.. (wife‚Äôs baked spud not feeling it.),,https://i.redd.it/g20fjjz1chj61.jpg,1614196048.0,507,0.97,37,CasualUK,rumbelows
lrlikj,Anyone else feel like an unworthy Arthurian knight attempting to pull Excalibur from the stone when trying to pull an apple plug out of the socket one handed?,,https://i.redd.it/3m0ozdo4bhj61.jpg,1614195726.0,291,0.94,20,CasualUK,_mister_pink_
lrklyr,"Sunlight breaking through over Coombe Hill, Buckinghamshire. Counting down the days till I can stroll here again!!",,https://i.redd.it/szu66r634hj61.jpg,1614193411.0,63,0.94,4,CasualUK,nizaravi
lrkgws,Spotted these bad boys in Waitrose. ¬£4.10 though !!,,https://i.redd.it/6kkzft773hj61.jpg,1614193064.0,54,0.86,22,CasualUK,Woodall57
lrk4nh,"Who would win, Scotland or every cat?",,https://i.imgur.com/lVUVgFa.jpg,1614192208.0,342,0.96,51,CasualUK,qwertyuiop4000
lrjyot,Can‚Äôt wait to get back out there with the doggo,,https://i.redd.it/55l4eyzezgj61.jpg,1614191787.0,207,0.93,17,CasualUK,k_fantastico
lrjhab,"When you grab a couple of biscuits, but one of them is slightly broken so you say to yourself, ""I'm not letting a broken biscuit count towards my biscuit quota"", and so you have another biscuit to make up for it",,https://www.reddit.com/r/CasualUK/comments/lrjhab/when_you_grab_a_couple_of_biscuits_but_one_of/,1614190587.0,12944,0.97,244,CasualUK,ajsadler
lriv9c,Not every day you learn of a large underground conveyor system underneath a nice little nature path,,https://www.reddit.com/gallery/lriv9c,1614189136.0,50,0.96,20,CasualUK,davidboi1324
lribgm,Doesn't look to amazing but the sun was out and it was warm. Here's hoping for a great summer when lockdown ends,,https://i.redd.it/h2k6bzxfngj61.jpg,1614187762.0,141,0.98,21,CasualUK,uptheanti3030
lri29d,The Times being covertly cheeky today - Bridgertonwatcherswillunderstand,,https://i.redd.it/hiezvsgklgj61.jpg,1614187131.0,60,0.88,6,CasualUK,isthislegitorna
lrg907,Few days late,,https://i.redd.it/77dhlbu18gj61.png,1614182586.0,805,0.96,49,CasualUK,ColanderShoes
lretvw,Some glorious fossils all found in the south east (Kent). Truly a fascinating day out to the beach when fossil hunting.,,https://www.reddit.com/gallery/lretvw,1614178775.0,78,0.96,17,CasualUK,LordoftheGrunt
lre9ft,"Does anyone else remember the Wild House? I always thought Malcolm in the Middle was the originator of the 4th wall breaking middle child trope, but this series actually predates it by 3 years.",,https://i.redd.it/pcmm0ot4sfj61.jpg,1614177237.0,88,0.94,28,CasualUK,darkamyy
lre1ko,Spotted on a local takeaway. The peas on this picture are upside down. It's oddly unsettling.,,https://imgur.com/lhjlrlu.jpg,1614176619.0,1434,0.96,82,CasualUK,Ironcymru
lrdzsh,There's a story behind every sign. (Doctor's near me),,https://i.redd.it/n442ofxvpfj61.jpg,1614176483.0,71,0.95,16,CasualUK,PyroPrirate
lrdrd5,Me when I hear the biscuit tin being opened,,https://i.imgur.com/kC3idXQ.gifv,1614175828.0,207,0.97,7,CasualUK,gaggleofllama
lrdir9,New cycle lane signage round Kensington,,https://imgur.com/wu7AknQ,1614175182.0,52,0.91,3,CasualUK,grnfnrp
lrddrc,What are we flying for?,,https://i.redd.it/qmfzw55tkfj61.jpg,1614174767.0,92,0.9,14,CasualUK,festive_bardeen
lrcu9k,Seeing three newborn lambs made my day .,,https://i.redd.it/rwccdso1gfj61.jpg,1614173167.0,95,0.96,10,CasualUK,gloworm62
lrc7j8,Unpopular UK opinion: I actually don't mind the British weather,"Born and raised in the UK, as someone with social anxiety, the British weather gives me something to talk about because its always so random.
It's nice to come into the office and say 'did you hear that rain last night!' 'apparently there's snow coming' or in summer 'oh I couldn't sleep last night it was way too warm' 
just simple things help me overcome my fear of talking to people and what to say especially at the minute when you can't exactly tell people what you've been up to while you're not at work other than ate, slept. 
I don't watch TV or soaps as well so it's hard to get into office talk when they talk about corrie, East enders, imaceleb, etc.",https://www.reddit.com/r/CasualUK/comments/lrc7j8/unpopular_uk_opinion_i_actually_dont_mind_the/,1614171299.0,176,0.91,59,CasualUK,lilvamp616
lrbkby,Attempting to put a positive spin on shrinkflation,,https://imgur.com/RegpH1U.jpg,1614169310.0,236,0.95,40,CasualUK,seanalltogether
lraie0,"This is a claim my friend on a WhatsApp group, as a Brit I‚Äôve never been more angry.",,https://i.redd.it/ax6bc91ttej61.jpg,1614165686.0,53,0.85,31,CasualUK,TomC_52
lr9x1n,"HMS Foudroyant, one time flagship to Lord Nelson, is wrecked off Blackpool in 1897. Rare photos of a ship from this period and as a bit of a history buff on the Georgian navy, it saddens me the this 2 decker could not be saved.",,https://www.reddit.com/gallery/lr9x1n,1614163588.0,150,0.98,25,CasualUK,Cirrus-Nova
lr9cyb,"I know it‚Äôs custom to complain about bosses, but mines pretty damn nice! (Don‚Äôt judge her for getting me Stella, she did so grudgingly because she knows I like it!)",,https://www.reddit.com/gallery/lr9cyb,1614161529.0,355,0.98,60,CasualUK,squeakybollocks
lr8p1s,A beautiful day in Mordor,,https://i.redd.it/12qr413aaej61.jpg,1614159119.0,116,0.93,12,CasualUK,IWAHalot
lr8bwt,"Behold, the B&amp;M Cat mug! I believe it is is a worthy rival to the mythical Sports direct tankard",,https://i.redd.it/h6qrb5pa6ej61.jpg,1614157781.0,58,0.92,22,CasualUK,ludicrous_socks
lr7ijt,"Over a 10 minute period up to sunrise, the colours in the Bedfordshire sky were constantly changing. Really nice to be there to view it this morning",,https://i.redd.it/etsdon3bxdj61.jpg,1614154783.0,297,0.99,4,CasualUK,scouserdave
lr7f6r,Apparently this post confused the Americans on r/firstworldanarchists,,https://i.redd.it/vdx3ny649aj61.jpg,1614154415.0,81,0.91,9,CasualUK,Gutsm3k
lr7esr,Spotted some twins this morning üêë,,https://i.imgur.com/TMzF8IJ.jpg,1614154375.0,9957,0.96,280,CasualUK,suexo
lr78oc,One for fans of The Wire- an operation to prevent drug sales by tracking burner phones has been led by a police officer called McNulty,,https://www.theguardian.com/uk-news/2021/feb/24/met-police-hails-success-in-county-lines-drugs-crackdown?CMP=Share_AndroidApp_Other,1614153716.0,77,0.98,13,CasualUK,E9to5
lr6djz,Always hear the name R Kelly as ‚ÄúOur Kelly‚Äù,,https://www.reddit.com/r/CasualUK/comments/lr6djz/always_hear_the_name_r_kelly_as_our_kelly/,1614150483.0,59,0.82,35,CasualUK,zincglasses
lqxx8b,Anybody else remember wanting this but knowing there's no way your family could afford it?,,https://i.redd.it/7nausok4kbj61.jpg,1614126110.0,194,0.98,29,CasualUK,Rick-Danger
lqwx08,It seems like people are very fond of singing bird pictures at the moment!,,https://www.reddit.com/gallery/lqwx08,1614123999.0,100,0.93,0,CasualUK,--Ferret
lqvfna,Beautiful British Name,,https://i.redd.it/csidi05x3bj61.jpg,1614120688.0,120,0.99,28,CasualUK,Sithfish
lqu7rs,"Always thought our cat was a little strange, check out her feet.",,https://i.redd.it/k5hmwegbuaj61.jpg,1614117431.0,135,0.94,7,CasualUK,catdog1934
lqu13t,"Graffiti? That is Art, my friend.",,https://i.redd.it/ct4o3toyp3j61.jpg,1614116941.0,709,0.99,56,CasualUK,9Colt0
lqtqxa,"Keen twitchers, we are",,https://i.redd.it/ty5v7ewmqaj61.jpg,1614116193.0,907,0.98,17,CasualUK,tayls67
lqsm3z,Actual snow angel. Wow.,,https://i.redd.it/wa7gnnckayi61.jpg,1614113238.0,357,0.98,2,CasualUK,9Colt0
lqrckg,Sunrise in Wakefield this morning,,https://i.redd.it/hyczvj898aj61.jpg,1614110012.0,269,0.96,14,CasualUK,strongbow8410
lqr0l8,Cosy garden air raid shelter spotted on a walk,,https://i.redd.it/hpfkcb765aj61.jpg,1614109149.0,449,0.99,21,CasualUK,waterrockforest
lqqi7y,Google translate on Japanese Kit Kits.,,https://www.reddit.com/gallery/lqqi7y,1614107855.0,99,0.97,23,CasualUK,gingerbenji
lqpurp,bang and the potential is gone,,https://i.redd.it/xgvspqldc7j61.jpg,1614106252.0,63,0.91,1,CasualUK,J1m1983
lqplw6,Casual non haircut,,https://i.redd.it/1a7hn018v9j61.jpg,1614105644.0,948,0.99,83,CasualUK,Thatnorthernwenchnew
lqpkdn,Love a bit of dirty van graffiti. (It reads: ‚ÄúAlso available in white‚Äù) üöê,,https://i.redd.it/sxyev5ayu9j61.jpg,1614105537.0,83,0.88,11,CasualUK,iamzigatron
lqp2kl,Blankety Blank,,https://i.redd.it/xd8n9vs8r9j61.jpg,1614104297.0,138,0.98,14,CasualUK,TarquinFarquhar
lqp0g2,Trusted with ¬£0 for 5 years,,https://i.redd.it/lla0hwxcq9j61.jpg,1614104142.0,1431,1.0,89,CasualUK,Kodarkx
lqoqa6,Jehovah‚Äôs witnesses have got well Emo,,https://i.redd.it/gq55isrqo9j61.jpg,1614103449.0,93,0.96,22,CasualUK,Neutral_man_
lqofmi,It's coming!,,https://i.imgur.com/x2hcnsr.jpg,1614102704.0,267,0.97,15,CasualUK,custardy_cream
lqob7n,Everyone hears the beautiful songs that the famous UK robin sings.,,https://www.reddit.com/gallery/lqob7n,1614102386.0,324,0.97,17,CasualUK,Poppet22
lqntzs,"Sharing the highlight of my golfing career when I was 8. Still on display to this day. Never played again, retired at the top.",,https://i.redd.it/5ar4rh2zh9j61.jpg,1614101178.0,239,0.98,10,CasualUK,metalthunder84
lqmtw3,"Moved to Germany, missing cheddar... found this atrocity in the international cheese section.",,https://imgur.com/d0SM8Ks,1614098700.0,203,0.96,84,CasualUK,viscountprawn
lqmrhj,Blockbusters (1980s) Poshest ever Gold Run,,https://v.redd.it/ke41mezz99j61,1614098537.0,76,0.96,23,CasualUK,alphacentaurai
lqmoml,Slightly unfortunate van to park in front of a plane...,[deleted],https://i.imgur.com/2em7TqW.jpg,1614098339.0,131,0.95,4,CasualUK,[deleted]
lqmoj6,This gorgeous sparrowhawk took out one of my dove buddies yesterday,[deleted],https://i.redd.it/pghq9x3c99j61.png,1614098332.0,132,0.94,18,CasualUK,[deleted]
lqmbvu,Is my neighbour a Wiccan? Or?... So confused.,,https://www.reddit.com/gallery/lqmbvu,1614097474.0,97,0.95,71,CasualUK,MyCrazyBanana42
lqlxui,Making use of the weather down on the south coast!,,https://i.redd.it/y1yrrus349j61.jpg,1614096511.0,81,0.91,21,CasualUK,Mprovin
lqkpfp,Tesco's now selling obsolete food,,https://i.imgur.com/U9qqrxi.jpg,1614093349.0,1623,0.97,61,CasualUK,custardy_cream
lqk9c7,Morning sky was on fire this morn!,,https://www.reddit.com/gallery/lqk9c7,1614092212.0,68,0.96,2,CasualUK,I-am-Just-Sam
lqk52i,We've only got 50% of our workforce operating for the next 10 days due to people isolating. It's been really stressful but this made my box collection wholesome and my day okay! I don't have the Facebook to thank them but I hope they can see here that I'm very thankful.,,https://imgur.com/gTpK0uL,1614091899.0,83,0.95,7,CasualUK,progboy
lqj3sj,CasualPolicingUK,,https://v.redd.it/qvrqnhngh8j61,1614088993.0,13262,0.98,592,CasualUK,eljefemo101
lqh0uc,Early lamb enjoying the February sunshine .,[deleted],https://i.redd.it/ucshuzcxx7j61.jpg,1614082413.0,78,0.98,13,CasualUK,[deleted]
lqgtud,What won‚Äôt you go back to doing when lockdown is over?,"One of the things lockdown has made me realise is how much time and money was wasted trudging around shops on a weekend for stuff I didn‚Äôt need and going to chain restaurants that aren‚Äôt very good. 

Once the world has reopened I‚Äôm only going to good restaurants that cost a bit more than rubbish places like TGI‚Äôs that only have ready meal standard food.",https://www.reddit.com/r/CasualUK/comments/lqgtud/what_wont_you_go_back_to_doing_when_lockdown_is/,1614081742.0,131,0.95,167,CasualUK,[deleted]
lqfulg,"Looking for a new showerhead and found the funniest, most-helpful, and most-british review I've ever seen.",,https://youtu.be/KA5tdyvHKKI,1614078347.0,140,0.96,36,CasualUK,Ironcymru
lqfamr,How's your day going?,,https://i.redd.it/mpg63nrlf7j61.jpg,1614076162.0,124,0.93,44,CasualUK,closehorizons
lqexya,"My mate's a brickie and they've been fitting these bat boxes to some of the buildings they're doing. I asked if it was in Gotham, Nottinghamshire but sadly not.",,https://imgur.com/An07as9.jpg,1614074782.0,206,0.97,32,CasualUK,26326312
lqenga,Wildlife of the UK üôå,,https://www.reddit.com/gallery/lqenga,1614073637.0,9231,0.96,413,CasualUK,chriswanders
lqegb3,No luck catching them swans?,,https://i.redd.it/utbgovpx57j61.jpg,1614072910.0,1645,0.98,76,CasualUK,llusnewo
lqdy58,After a week of shuffling things about and dragging fridges up the stairs I finally got out with the camera for the first time since I moved to Brighton,,https://i.redd.it/jrxik3x207j61.jpg,1614070943.0,1651,0.98,60,CasualUK,drLens_in_da
lqb1xg,Greased up deaf guy IRL,,https://v.redd.it/ckuxudjn43j61,1614060601.0,71,0.92,18,CasualUK,LilNardoDaVinci
lh5yvw,Rated 'R' for 'Raunchy biscuit',,https://i.redd.it/bm4tfv4n9qg61.jpg,1612996672.0,282,0.96,44,CasualUK,Pedal_stool
lh5c23,Lovely snowy sunset from my window in Huddersfield this evening,,https://i.redd.it/2ruij7el4qg61.jpg,1612994949.0,201,0.97,5,CasualUK,[deleted]
lh4n1c,My first day working for Morrison‚Äôs Delivery was eventful...,,https://v.redd.it/hk13k473zpg61,1612993136.0,2626,0.99,74,CasualUK,Kiplay_Kek
lh3g8r,I have my doubts about this ship's seaworthiness,,https://i.imgur.com/uq4bZpP.png,1612990089.0,231,0.97,48,CasualUK,AnselaJonla
lh2y5i,Took this while out with the dog this morning. Made the early morning cold with it.,,https://i.imgur.com/IIEAKHW.jpg,1612988804.0,456,0.98,9,CasualUK,1234abcd56
lh24wc,Old photo of Molly romping through the garden!,,https://i.redd.it/543m87t8gpg61.jpg,1612986757.0,6244,0.97,47,CasualUK,[deleted]
lh1suy,I present to you...the scrap butty.,,https://i.imgur.com/mKUapKQ.jpg,1612985964.0,57,0.94,34,CasualUK,teacherphil
lh0sdq,"Tawny owl flew into my dads windshield so now it‚Äôs under a shopping basket in my old bedroom. Luckily, he‚Äôs a vet.",,https://i.redd.it/8ilxbar16pg61.jpg,1612983328.0,568,0.98,47,CasualUK,Flatcapspaintandglue
lgzmht,Was a wee bit nippy up t‚ÄôNorth this morning,,https://i.redd.it/40a93id8xog61.jpg,1612980363.0,1346,0.97,59,CasualUK,eager-beaver-123
lgxjer,Can't believe Sir Digby Chicken Caesar was looking for his nemesis at the Super Bowl half time show last weeknd.,,https://i.redd.it/3gwncv3dhog61.gif,1612975027.0,442,0.97,23,CasualUK,B0z22
lgw83r,This is just the best Quality Street mix ever!,,https://i.redd.it/9d4sh9ht6og61.jpg,1612971482.0,595,0.93,57,CasualUK,kiddsky
lgvbga,"During lockdown my neighbour has been building a huge model of Wainhouse Tower, which is a iconic landmark in Calderdale, West Yorkshire. He began building it last August, although initially he was only making a model of the top but then decided to make the whole thing in the second lockdown.",[deleted],https://i.redd.it/eclbkqu4zng61.jpg,1612968994.0,653,0.99,38,CasualUK,[deleted]
lcrvx1,"Sunset in Rainworth, Nottinghamshire, this evening",,https://i.redd.it/w9l448c4djf61.jpg,1612477221.0,266,0.98,18,CasualUK,Jack_swns
lcr43e,I watched Monte Don after eating some mushrooms and then a few months later I did this,,https://i.redd.it/6jqub9v67jf61.jpg,1612475240.0,272,0.96,31,CasualUK,MannyDantyla
lcqjcx,I think this is worse than that yank who made tea,,https://i.redd.it/mmi4t3ss2jf61.jpg,1612473746.0,172,0.94,24,CasualUK,davidboi1324
lcoxx6,Is anyone else putting beer in a tea cup for these days of endless video meetings?,It's one of the few things I like about WFH now,https://www.reddit.com/r/CasualUK/comments/lcoxx6/is_anyone_else_putting_beer_in_a_tea_cup_for/,1612469777.0,61,0.93,40,CasualUK,binkstagram
lcou76,Smoking dogs ruin coffee shops. Glad Costa have taken this stance,,https://i.redd.it/3p0wwvx7qif61.jpg,1612469517.0,75,0.92,13,CasualUK,tangoislife
lcor85,"Facebook never ever fails, especially in Bradford.",,https://i.imgur.com/PLM1v6G.jpg,1612469335.0,562,0.95,47,CasualUK,ThrowDoughBaggoutz
lcoehf,"A sculpture i made was just being flogged by someone on The Bidding Room BBC1 , made my day",,https://www.reddit.com/gallery/lcoehf,1612468435.0,167,0.93,25,CasualUK,thatsvile13
lco7qt,My mates got an interview at a dildo factory tomorrow.,"He is getting a massive ribbing for it tonight.

In all seriousness, its been a tough year for him (hospitality sector worker, Rona and all that jazz), so really buzzing if he gets it.

I'll stop now.",https://www.reddit.com/r/CasualUK/comments/lco7qt/my_mates_got_an_interview_at_a_dildo_factory/,1612467984.0,94,0.93,51,CasualUK,sockhead99
lcmvbh,Test cricket is back on free TV for the first time in since the 2005 Ashes!,,https://www.channel4.com/press/news/live-test-cricket-returns-channel-4,1612464700.0,82,0.93,20,CasualUK,manbearnoodle
lcmcaa,Drinks are on me!,,https://imgur.com/qUey8H6,1612463343.0,107,0.94,28,CasualUK,white_butterfly1
lcm4yq,A flag used during the English civil war,,https://i.redd.it/2m9c4bg6csk41.jpg,1612462816.0,547,0.99,30,CasualUK,Bernard_Hunor_Deak
lckx2t,Outside's quite nice sometimes,,https://i.redd.it/wlgbkdprwhf61.jpg,1612459712.0,79,0.96,9,CasualUK,[deleted]
cdubnd,Chap on /r/UK_Food has created an enormous jaffa cake.,[deleted],https://i.redd.it/pvnabd0e6ja31.jpg,1563265848.0,719,0.98,61,CasualUK,[deleted]
cdtrbd,Crewe bus station is very odd,,https://i.redd.it/yb8mvchd9ma31.jpg,1563261449.0,238,0.97,41,CasualUK,sam_booth01
cdtki1,People from Liverpool are thieves,[deleted],https://i.redd.it/m9hcd9nj5ma31.jpg,1563260161.0,9979,0.93,1466,CasualUK,[deleted]
cdp89l,Is summer finally here?!?,[deleted],https://i.redd.it/99uhw09myja31.jpg,1563233620.0,77,0.93,8,CasualUK,[deleted]
cdp7aw,NSFW - Found in the cut through to my local Co-op... someone‚Äôs been enjoying their time in the bushes,,https://i.redd.it/p8gr8yn6yja31.jpg,1563233477.0,83,0.97,25,CasualUK,10twinkletoes
cdo5o5,Pikachu detected in a shop window,,https://m.imgur.com/qWmJVw3?r,1563228095.0,62,0.95,19,CasualUK,Mr_Odwin
cdo4xw,Someone posted about the diverse geography on this island...,,https://i.redd.it/byndhs2whja31.jpg,1563228002.0,96,0.98,23,CasualUK,Tapperino2
cdnxvv,"4 of the 5 regulars in my dads garden, including a baby!",,https://i.redd.it/jxlt5hqzeja31.jpg,1563227017.0,5268,0.99,135,CasualUK,busty-sinclair
cdnq3f,"Sunday dinner pie. Aye, that‚Äôs a sprout in it.",,https://i.redd.it/sfdqq0jubja31.jpg,1563225973.0,515,0.95,57,CasualUK,PissYourTits
cdm6ge,Someone dropped this shopping list outside my house - anyone seen anything more beautiful?,,https://i.imgur.com/wtuDxFR.jpg,1563218944.0,359,0.95,160,CasualUK,ipavelomedic
cdlscy,"Summer has hit the west coast of Scotland! Millport, Isle of Cumbrae",[deleted],https://i.redd.it/h6u4so1zlia31.jpg,1563217261.0,61,0.91,8,CasualUK,[deleted]
cdlqki,Why do they still put these through people‚Äôs doors.,,https://v.redd.it/a1hmh0bioha31,1563217055.0,93,0.89,43,CasualUK,CredibleAdam
cdkxrh,I think we should all take a moment to acknowledge and appreciate how phonetically pleasing it is to say ‚Äúchip shop‚Äù,‚ÄúChip shop‚Äù,https://www.reddit.com/r/CasualUK/comments/cdkxrh/i_think_we_should_all_take_a_moment_to/,1563213687.0,96,0.96,31,CasualUK,bbbbbfreestyle
cdkoki,Polystyrene isn't biodegradable so this man did what anybody who cares about the environment should. A true hero.,,https://v.redd.it/hehqsuxbsfa31,1563212614.0,82,0.93,13,CasualUK,Kebabmissions
cdk9t4,Walking along the river and encountered some goth swans.,,https://i.imgur.com/jpM6D9Y.jpg,1563210934.0,502,0.98,22,CasualUK,criesoftheplanet
cdjyun,My first allotment crop!,,https://imgur.com/IkCT3A5,1563209669.0,2659,0.99,64,CasualUK,sandrachabada
cdj1f8,Took of photo of Durdle door last week - Ektarchrome E100 - Canon AE-1,[deleted],https://imgur.com/7H1OK4C.jpg,1563205383.0,160,0.94,14,CasualUK,[deleted]
cdi60g,Here‚Äôs another picture of my walk toward The Sycamore Gap at Hadrians Wall with Crag Lough in the background!,,https://i.redd.it/xvs40o7u9ha31.jpg,1563201075.0,65,0.96,5,CasualUK,UnpreparedSugar
cdhwtj,When your body isn‚Äôt 100% but style is turned up to 11!,,https://i.redd.it/q87qgzll5ha31.jpg,1563199742.0,97,0.94,13,CasualUK,Exemplar1968
cdhhbk,Some nominative determinism cheering me up at the dentist this morning,,https://i.redd.it/2vh43kpqyga31.jpg,1563197347.0,275,0.98,16,CasualUK,sticklebrickle
cdhbux,Shapes can be hard... (wembley),,https://i.redd.it/lmyqpzj6wga31.jpg,1563196479.0,56,0.88,8,CasualUK,ShaunDraws
cdh9by,Two coal miners are in a mine.,"One says to the other, ""What type of music do you like?""

The other miner replies, ""I really dig hard rock.""",https://www.reddit.com/r/CasualUK/comments/cdh9by/two_coal_miners_are_in_a_mine/,1563196085.0,59,0.9,23,CasualUK,armbands1997
cdg8t8,"Pub in a church, how secular",,https://i.redd.it/mlppapkecga31.jpg,1563189828.0,258,0.98,83,CasualUK,smoke_weed_nobhead
cdg6oa,Alternatives projects form the past for the channel crossing,,https://imgur.com/a/G3iuKGd,1563189431.0,63,0.96,15,CasualUK,BringbackMarchais
cdfsow,50p for a Freddo ? How about ¬£4.50 for a donut.,,https://i.redd.it/fml370pv2ga31.jpg,1563186626.0,222,0.96,145,CasualUK,Mitch_Taylor
cdfr1j,Alan Turing is the new face of the ¬£50 note,,https://i.redd.it/3ukk0ncs1ga31.jpg,1563186270.0,1087,0.98,137,CasualUK,eurfryn
cdfow2,BBC news changed their look,,https://i.redd.it/1o75qraf0ga31.jpg,1563185798.0,141,0.93,72,CasualUK,gameboy0706
cdffbl,Trafalgar Square fountain after England won the Cricket,,https://i.redd.it/hpp567kdufa31.jpg,1563183764.0,319,0.98,21,CasualUK,TateTWS
cdf3ly,Handy to know.,,https://i.redd.it/2efk5c4vmfa31.jpg,1563181236.0,20893,0.95,811,CasualUK,welshie123
cdf0ml,Checklist for Game-Day!,,https://i.imgur.com/QUYQh4y.jpg,1563180561.0,146,0.96,10,CasualUK,yogurtfuck
cdee7w,Any ideas on the age of this bread bag I've dug up?,,https://i.redd.it/tesfpg626fa31.jpg,1563175589.0,73,0.96,42,CasualUK,El_Spunko
cd9mde,The Sycamore Gap in Hadrians Wall ‚ò∫Ô∏è,,https://i.redd.it/7ghf3i0koca31.jpg,1563145521.0,180,0.98,17,CasualUK,UnpreparedSugar
cd920h,The comments on old Top Gear videos are fantastic.,,https://i.redd.it/9wcpwhfhfca31.jpg,1563142435.0,204,0.95,15,CasualUK,DonutFlavouredBagel
cd8zfj,"We don‚Äôt have many indigenous reptiles here, so enjoy this ‚Äúcommon‚Äù lizard I saw yesterday.",,https://i.redd.it/6izeejadeca31.jpg,1563142058.0,112,0.98,17,CasualUK,pm_me_your_amphibian
cd8jd1,No one‚Äôs dream summer is in Birmingham...,,https://i.redd.it/rai5wryh7ca31.jpg,1563139748.0,121,0.96,10,CasualUK,FreewheelReddit
cd8gzx,Scrolling through old bangers on ebay and found this,[deleted],https://i.redd.it/uepswhqi6ca31.jpg,1563139420.0,59,0.95,10,CasualUK,[deleted]
cd7eta,"I feel attacked (Red Dwarf s03e01, Backwards)",,https://v.redd.it/yiu2zk5npba31,1563134151.0,72,0.98,11,CasualUK,TatyGGTV
cd7ebs,Heinz Syrup Sponge in a Tin,"I don't know if anybody remembers heinz Syrup sponge where you boiled the tin but it was glorious and practically 50% Syrup/diabetes. 

Anyway, it's been discontinued for x amount of years now and I'm just wondering if anybody knows anything comparable to it as I'm starting to miss it.",https://www.reddit.com/r/CasualUK/comments/cd7ebs/heinz_syrup_sponge_in_a_tin/,1563134084.0,58,0.98,29,CasualUK,WeAreJustStardust
cd6xkv,"So, we are looking at moving to Coningsby/ Tattershall/ Woodhall Spa area. As usual we‚Äôre looking at property porn on Rightmove and came across a 16th century house. Looking at the details this photo came up, and clearly this house is haunted and/ or someone was killed in this room.",,https://i.redd.it/r41fvwerjba31.jpg,1563131766.0,58,0.91,16,CasualUK,Exemplar1968
cd6xc1,Poundshop version of Where's wally. One of these things is not like the others!,,https://i.redd.it/83qez0lnjba31.jpg,1563131729.0,80,0.97,22,CasualUK,allthekos
cd6ef5,ENGLAND HAVE DONE IT! CRICKET WORLD CUP CHAMPIONS!!!!,,https://www.reddit.com/r/CasualUK/comments/cd6ef5/england_have_done_it_cricket_world_cup_champions/,1563129105.0,8010,0.87,587,CasualUK,26326312
cd616a,The official definition of a long Wimbledon final,,https://i.redd.it/ampmtgoa6ba31.jpg,1563127237.0,818,0.99,19,CasualUK,modfather84
cd3qjk,I was out busking today and I found this in my case.,[deleted],https://i.redd.it/t26j7p2n6aa31.jpg,1563115274.0,124,0.96,12,CasualUK,[deleted]
cd3m3m,I love learning about Roman history (Birmingham Museum),,https://i.imgur.com/aY5ZFDh.jpg,1563114567.0,71,0.95,6,CasualUK,DylanP93
cd3kl1,Frazzle sandwich. Bacon sandwich and crisp sandwich in one.,,https://i.redd.it/fj8y4pvw3aa31.jpg,1563114330.0,510,0.95,67,CasualUK,mrsfran
cd35ew,No choice to make!,,https://i.redd.it/u3wpzkvcw9a31.jpg,1563111792.0,420,0.97,58,CasualUK,Torospatillo
cd33ns,UK shower thought: If you don't like sport today might be the best day of the summer to go to the tip.,[deleted],https://www.reddit.com/r/CasualUK/comments/cd33ns/uk_shower_thought_if_you_dont_like_sport_today/,1563111479.0,301,0.98,50,CasualUK,[deleted]
cd326j,When there‚Äôs too much sport on,,https://i.redd.it/sphuzs5mu9a31.jpg,1563111203.0,405,0.97,33,CasualUK,Perceval_00
cd2xhl,Suddenly craving one of these mouth-shredding bad boys. What discontinued confectionery do you want back?,,https://i.redd.it/rx2nk772s9a31.jpg,1563110342.0,65,0.95,90,CasualUK,vbloke
cd2w9i,Living the dream.,,https://i.redd.it/gisjhvxdr9a31.jpg,1563110117.0,265,0.95,14,CasualUK,ILikedTheBookBetter
cd2sqt,"Didn't manage the Yorkshire 3 Peaks yesterday, only managed 2. But what a beautiful country you are!",[deleted],https://i.redd.it/g8efyrgep9a31.jpg,1563109497.0,105,0.97,14,CasualUK,[deleted]
cd1p9u,The ‚Äòboys‚Äô are back.,[deleted],https://i.redd.it/tcu1cp8919a31.jpg,1563101329.0,326,0.98,16,CasualUK,[deleted]
cd1c8m,Me and the Mrs finally found affordable rent in London! Bargain,,https://i.redd.it/a6fgltd4s8a31.jpg,1563098264.0,438,0.99,19,CasualUK,Fivafish
cd0wf0,"Having worked from home for the past 20+ years, I was surprised to find that toilet twinning has become a thing.",,https://i.redd.it/kxuqsqyog8a31.jpg,1563094414.0,98,0.97,17,CasualUK,RHPFen
cd0vjk,"Local plod pulled this van over yesterday, only 1200kg overweight",,https://i.redd.it/i6as2yy0g8a31.jpg,1563094188.0,190,0.98,13,CasualUK,shiftynightworker
cd0mvn,Visiting UK for the first time... GF‚Äôs family just sent me out in the morning rain to get custard creams from the ‚Äúboot‚Äù. (They‚Äôre magic),,https://i.imgur.com/MMduAAA.jpg,1563092074.0,2047,0.97,226,CasualUK,OnceButNeverAgain
cd0gmo,"I made my wife breakfast today. She questioned ""what's that stuff on the cinnamon swirls?""",,https://i.redd.it/48tvfnya58a31.jpg,1563090582.0,17389,0.92,562,CasualUK,Malcolm1972
cd0d4l,PSA: England are playing in the Cricket World Cup final on Channel 4 today,"If I'm not mistaken, this is the first England game on free to air TV in 14 years. So if you're not a Sky customer and want to get into a new sport, this is the perfect opportunity. The toss is at 10 and the match starts at 10:30. England are the favourites and hosts but we've never won the World Cup before. It should be a cracker.",https://www.reddit.com/r/CasualUK/comments/cd0d4l/psa_england_are_playing_in_the_cricket_world_cup/,1563089737.0,89,0.88,25,CasualUK,TheJeck
cczt7q,Its coming Home! üèÜ,,https://v.redd.it/d9yxm8xxqf731,1563085124.0,121,0.84,18,CasualUK,chikfila_
ccwdgi,High Level Grafiti,,https://i.redd.it/4ckc1vuot5a31.jpg,1563062463.0,214,1.0,8,CasualUK,ShottazYo99
ccvxy8,Wait for it...,,https://v.redd.it/1h594wgh24a31,1563059933.0,185,0.98,19,CasualUK,CatDeeleysLeftNipple
ccuqfl,Can't even escape Ed Sheeran on my ketchup these days,,https://i.redd.it/4zepbom425a31.jpg,1563053256.0,127,0.94,24,CasualUK,Chalkmans
ccu9c4,I‚Äôm currently camping and it‚Äôs too hot in my sleeping bag and too cold outside it. Kill me,,https://i.redd.it/w2sy8dnvu4a31.jpg,1563050758.0,64,0.94,23,CasualUK,InferrnoRedd
ccto4o,Birmingham was delightful yesterday (despite the roadworks),,https://i.redd.it/d4pih4esl4a31.jpg,1563047742.0,206,0.97,33,CasualUK,herzeleid22
cct7o0,Just a lazy boat trip down to the local tesco,,https://i.redd.it/gl9tn8uve4a31.jpg,1563045417.0,406,0.99,27,CasualUK,[deleted]
cct3ir,I think the warning came too late,,https://i.redd.it/eogb4858d4a31.jpg,1563044833.0,132,0.87,7,CasualUK,old-soul-inside
ccsm3b,I'm always amazed at how kind r/Casual is to everyone no matter what their post,"I see so many posts that in other subs would get ripped to shreds, down-voted and abuse hurled.

Here, all for the fact that it's **CASUAL**UK, it gets by and with warmth.

I say we need more CasualThings in our world.

Cheers to you all!",https://www.reddit.com/r/CasualUK/comments/ccsm3b/im_always_amazed_at_how_kind_rcasual_is_to/,1563042395.0,159,0.96,58,CasualUK,lookatmeme
ccsam8,"This is where a gent named Celtic Gary lives in Coventry. After seeing a lady fall on wet leaves, he started taking care of his alleyway and keeping it clean. He also has a library, and a cushioned seat for passers-by.",,https://i.redd.it/ri1n5k4c14a31.jpg,1563040822.0,4056,0.99,161,CasualUK,kayzee94
ccrgu7,"Today in Crick, Scarecrow festival.",,https://i.redd.it/bx9rtufko3a31.jpg,1563036530.0,81,0.99,6,CasualUK,Derb009
ccqtfa,"Tomorrow is Sunday, here's a tip",,https://i.imgur.com/9GN7sm6.png,1563033068.0,3798,0.99,44,CasualUK,OhBuggery
ccqrxc,"Weather has calmed down, so the locals have come out for a snack (Colchester)",,https://i.redd.it/0dm0db5ld3a31.jpg,1563032837.0,68,0.98,5,CasualUK,North_Tea
ccqo9j,Bbq weather,,https://i.redd.it/m3mosk7ub3a31.jpg,1563032283.0,95,0.96,27,CasualUK,hblambert
ccq5se,Visiting our nation's capital and came across these words of wisdom,,https://i.redd.it/4xmynnth33a31.jpg,1563029440.0,255,0.97,4,CasualUK,CmdrSpaceMonkey
ccputq,Red Arrows over Yeovilton,,https://i.redd.it/0qagypq8y2a31.jpg,1563027674.0,110,0.98,7,CasualUK,Jackychan73748
ccohmz,This baked beans cake,,https://i.redd.it/pix2ro8h72a31.jpg,1563018676.0,424,0.98,21,CasualUK,lets_flamingo
ccoh8t,Improvise. Adapt. Overcome.,[deleted],https://i.imgur.com/CL1cgxt.jpg,1563018595.0,175,0.97,4,CasualUK,[deleted]
cco5j4,Cursed Queen,,https://i.redd.it/tuo4ksimz1a31.jpg,1563016034.0,52,0.87,2,CasualUK,thats-not-funny2
cco3tx,You had one job.,,https://i.redd.it/xen9e6hhy1a31.jpg,1563015649.0,60,0.87,8,CasualUK,DeadYen
ccnvyx,I just get invited to a social event. Heck yeah and heck no! Nervous but existed to get outer the house!,[deleted],https://www.reddit.com/r/CasualUK/comments/ccnvyx/i_just_get_invited_to_a_social_event_heck_yeah/,1563013829.0,53,0.83,32,CasualUK,[deleted]
ccnrom,When you need to get to the sunbeds on holiday.,,https://v.redd.it/osafd8lzp1a31,1563012816.0,740,0.99,37,CasualUK,scouserontravels
ccng26,"Went mountain biking near the Lake District for the first time with a few friends, the views and experiences was breathtaking. (Uploaded from mobile sorry if there are any issues)",[deleted],https://i.redd.it/05pt9moph1a31.jpg,1563010010.0,241,0.99,39,CasualUK,[deleted]
ccmzac,Durham Miners Gala,,https://i.redd.it/59c5klbi51a31.jpg,1563005905.0,1729,0.96,146,CasualUK,The-D-Maister
ccmilw,Its Saturday,Good morning! Sleep well? Plans today? Least favourite food?,https://www.reddit.com/r/CasualUK/comments/ccmilw/its_saturday/,1563001973.0,69,0.9,184,CasualUK,jptoc
ccjerz,My new favourite image of Rob Brydon,[deleted],https://i.redd.it/fuu6mxoh2z931.png,1562980690.0,260,0.96,23,CasualUK,[deleted]
ccj9v9,Discovered my grandmother served tea to Princess Margaret in 1955.,,https://i.redd.it/rvfw5gt10z931.jpg,1562979854.0,506,0.98,32,CasualUK,[deleted]
ccis8v,"You aren‚Äôt going to care much about this, but I‚Äôm going to tell you about how good the big bin is outside morrisons.","Its fucking massive, it doesn‚Äôt matter what you have that needs chucking out the bin is never at capacity. 

You can fit your whole body in it, it‚Äôs really big.

I‚Äôm going to put things in it tommorow and see how much I can fit

***Update***

I‚Äôm sorry about this, I don‚Äôt remember making the post and may have had a bit too much to drink last night - but I agree with drunk me, great bins...go check them out : could rival Bude Tunnel at Sainsbury‚Äôs.",https://www.reddit.com/r/CasualUK/comments/ccis8v/you_arent_going_to_care_much_about_this_but_im/,1562976918.0,103,0.98,18,CasualUK,DeadYen
ccihri,The morning in any UK city,,https://imgur.com/en79paz,1562975271.0,172,0.97,15,CasualUK,schabe
ccgovg,"It‚Äôs the sea glass gal again, this is just half of my haul from a Seaham today. Check the turquoise bottle stopper at the top, it‚Äôll be around 100 years old!",,https://i.redd.it/obtlt406ux931.jpg,1562965773.0,259,0.99,34,CasualUK,leathervelvet
ccfwdt,I need a reliable taxi company for the morning so I've been checking reviews and found this beauty.,,https://i.redd.it/ibw2yxnpix931.jpg,1562961916.0,77,0.94,2,CasualUK,gastn1
ccfmqy,Better be Heinz,,https://i.redd.it/3jqknvjxex931.jpg,1562960644.0,167,0.96,13,CasualUK,rebel_nature
ccfd73,landlady of the pub picks the daftest comment she sees on the local FB group that week. The person who asked this lives next door to said wallpaper place,,https://i.redd.it/talys3dvax931.jpg,1562959383.0,70,0.92,8,CasualUK,dragonheat
cceix0,Love will tear us apart again.....,,https://i.redd.it/gnzp000lzw931.jpg,1562955491.0,552,0.98,32,CasualUK,dirtysantchez
ccd6qn,A old lady on the bus getting my attention by tapping me on the shoulder to say ‚Äúexcuse me for being rude but your dress is lovely‚Äù,,https://www.reddit.com/r/CasualUK/comments/ccd6qn/a_old_lady_on_the_bus_getting_my_attention_by/,1562949425.0,262,0.98,19,CasualUK,eposselt
ccd4ul,It‚Äôs not a british seaside arcade without these stuff of nightmares,,https://i.redd.it/spk0fkysgw931.jpg,1562949178.0,124,0.98,20,CasualUK,Lucmax550
ccc6t7,"Which way now, dad?",,https://i.redd.it/fxsn3wem3w931.jpg,1562944739.0,258,0.98,12,CasualUK,servedupward
ccbig6,Just found my year six leaving shirt from 16 years ago. Anybody got any older than that? Show us what they look like!,,https://i.imgur.com/QHHOchz.jpg,1562941507.0,94,0.99,57,CasualUK,9DAN2
ccbd6o,Moved away from home for uni and then my full time job. Every 2 month my Dad delivers a 48 box of XLs from Cumbria for me. Best crisps about,,https://i.redd.it/vust4gstrv931.jpg,1562940776.0,57,0.93,31,CasualUK,[deleted]
ccbail,"Good from you, Royal Mail.",,https://i.redd.it/8hxahvhqqv931.jpg,1562940409.0,23669,0.97,429,CasualUK,millsytime
cca7as,Kebab,,https://v.redd.it/hgyu4tpu8v931,1562934392.0,963,0.98,78,CasualUK,sonicsilver427
cc9v8r,"M&amp;S are selling mini trolleys. Sorry about the apple, I didn't have a banana.",,https://i.redd.it/yhxuetkq2v931.jpg,1562932353.0,84,0.92,57,CasualUK,FluffyMarshmallow90
cc9fwh,The best part of a calippo is 100% the juice at the end of a calippo.,,https://www.reddit.com/r/CasualUK/comments/cc9fwh/the_best_part_of_a_calippo_is_100_the_juice_at/,1562929514.0,160,0.96,22,CasualUK,Kerr_Sutherland
cc8vad,'Bring your elephant to work' day is going well,,https://i.imgur.com/yvxBRfH.jpg,1562925468.0,278,0.97,28,CasualUK,President-Nulagi
cc8gcw,Can't think of anything more British tbh,,https://i.redd.it/pp40h1jc9u931.jpg,1562922445.0,3826,0.97,195,CasualUK,Kebabmissions
cc875v,Introduced the wife to a true classic of English gourmet cooking today.,,https://i.redd.it/tifxr2ra3u931.jpg,1562920413.0,483,0.96,82,CasualUK,EvilKermit
cc7tlx,'Priority' vs non-priority,,https://i.imgur.com/KA5AYZ3.jpg,1562917316.0,187,0.98,64,CasualUK,Maelarion
cc7qz3,Waiting to see the doctor. I'm sure this is actually the same one I played with as a kid!,,https://i.redd.it/edg3akydst931.jpg,1562916745.0,294,0.99,27,CasualUK,DodgyDoddsy
cc7f6s,"Having a Fab for breakfast is justified, right?",,https://i.redd.it/6ijz0mnjlt931.jpg,1562914442.0,9092,0.95,396,CasualUK,secret_secret_tunnel
cc7dgm,"For those who like to recycle, Morrisons have upped their game",,https://i.redd.it/g8xovqrjkt931.jpg,1562914107.0,355,0.99,63,CasualUK,aur0ry
cc50lw,I never knew this!,,https://i.redd.it/17rvsko8bs931.jpg,1562898874.0,167,0.94,20,CasualUK,[deleted]
cc0nig,"As of today, the process is finally complete. Over a year and several thousand pounds later....",[deleted],https://i.redd.it/nmu8xzmxeq931.jpg,1562875977.0,318,0.94,31,CasualUK,[deleted]
cbzqir,Found this earlier in Manchester. Zimmer frame tree swing!,,https://i.redd.it/5zskn70q2q931.jpg,1562871806.0,64,0.92,7,CasualUK,Aka-WhiteJesus
cbypma,Appropriate nesting site,,https://i.redd.it/vmb5bhrqop931.jpg,1562867096.0,130,0.98,13,CasualUK,Macfrenzie
cbyo18,"On holiday in Dartmoor, went for a walk through Wistman‚Äôs Wood. It‚Äôs honestly one of the most magical places I‚Äôve ever been.",,https://i.redd.it/bhuneyr5op931.jpg,1562866900.0,796,0.99,38,CasualUK,HeadSpaceUK
cbycl4,Love my new town‚Äôs sculpture representing how most of their inhabitants end up on a Saturday night,,https://i.redd.it/e1h9j91zjp931.jpg,1562865486.0,330,0.98,7,CasualUK,Spudspecs
cbxlep,England are through to the Cricket world cup final,,https://www.bbc.com/sport/live/cricket/47484055,1562861996.0,174,0.93,56,CasualUK,Razor2115
cbx443,"I'm going to the beach, this will be my new look.",[deleted],https://i.redd.it/rarrsrfy2p931.jpg,1562859790.0,431,0.99,15,CasualUK,[deleted]
cbwjxz,My Grandfathers Old Sterling Collection,,https://i.redd.it/n6yttkj3vo931.jpg,1562857150.0,243,0.98,66,CasualUK,Y5K77G
cbwc9p,No better way to spend the afternoon,,https://i.redd.it/ua3xdhrwro931.jpg,1562856049.0,73,0.82,21,CasualUK,Harry_monk
cbvw1i,Remember to check on your elderly relatives and neighbours please!,[deleted],https://www.reddit.com/r/CasualUK/comments/cbvw1i/remember_to_check_on_your_elderly_relatives_and/,1562853048.0,177,0.94,19,CasualUK,[deleted]
cbvr9f,Spotted in Sheffield,,https://imgur.com/hHX9G9K,1562852099.0,203,0.98,19,CasualUK,Chewitt321
cbv4yw,"Stay classy, London",,https://i.redd.it/osl7924b3o931.jpg,1562847936.0,139,0.97,9,CasualUK,GCU_Flying_Colours
cbukp6,Even Mr. Warburton is sitting on the fence...,,https://i.redd.it/lkh3m9p5on931.jpg,1562844219.0,55,0.92,40,CasualUK,AdamJackson26
cbuiuk,A young Jason Statham competing in Britain's Commonwealth Games as a diver (1990).,,https://v.redd.it/8bvf2o3ijj931,1562843854.0,76,0.93,19,CasualUK,youseeamousetrap
cbugq4,Mum in Hull spends spends ¬£250 on each school uniform for her two children: Tiamarie and Jackdaniel. Take some time to drink that in.,,https://www.hulldailymail.co.uk/news/education/hull-mum-spends-school-uniform-3077067.amp?__twitter_impression=true,1562843446.0,149,0.97,111,CasualUK,ftbet
cbudyo,I just want to know his story,,https://i.redd.it/uf0bprhuon931.jpg,1562842910.0,267,0.98,37,CasualUK,[deleted]
cbtmjn,Desperate measures after being woken up by crows attacking windows at 5am,[deleted],https://imgur.com/a/SROtpQu/,1562837023.0,82,0.97,21,CasualUK,[deleted]
cbt9xy,A bit of good nature news for your Thursday: Storks are back in Britain ‚Äì a pair have nested in the UK for the first time since 1416!,,https://www.theguardian.com/commentisfree/2019/jul/08/storks-britain-environmental-hope-rewilding-project-sussex,1562834101.0,144,0.98,29,CasualUK,a_perfect_cromulence
cbt5n0,"The little ""oop"" you do when you trip whilst walking on pavement","Not a big trip, just a little hop skip and jump then back to normal. Must be loud enough others in close proximity can hear, but quiet enough you don't think you're speaking out of turn",https://www.reddit.com/r/CasualUK/comments/cbt5n0/the_little_oop_you_do_when_you_trip_whilst/,1562833073.0,186,0.98,24,CasualUK,[deleted]
cbt1ou,The missus finally boiled up the fake rubber egg this morning. We've been trying to trick each other with it for about 3 years. Victory is mine! üòÄ,,https://i.imgur.com/k0N0mDE.jpg,1562832169.0,25786,0.93,528,CasualUK,TechnicalChaos
cbsdh3,"So much for chocolates shaped in ""UK Exclusive"" miniature shapes...every chocolate was a square.",,https://i.redd.it/ltdgpawo2l931.jpg,1562827026.0,95,0.98,27,CasualUK,Danny2877
cbpfyp,Lovely Off licence owner.,"I live near an off licence owned by this lovely Pakistani man.

I'm very bad at making choices about food, so I stare for about ten minutes at a time. Therefore this guy gives me his recommendations and he's helped me try things I now love and would usually never try before.

He always tells me to enjoy my night, and lets me take a penny chew before I leave. 

Nice bloke, definitely has my patronage.",https://www.reddit.com/r/CasualUK/comments/cbpfyp/lovely_off_licence_owner/,1562808369.0,71,0.94,19,CasualUK,[deleted]
cbnbi6,Who remembers this dude,,https://i.imgur.com/ZOaQRtv.jpg,1562796989.0,60,0.93,31,CasualUK,Ravdoggydog
cbmi70,I feel like tracking the milliseconds is unnecessary,,https://i.imgur.com/3XPLxcF.jpg,1562792991.0,62,0.96,5,CasualUK,penguin62
cblqg9,Maybe not the best ad to put here,,https://i.redd.it/wohy6acb9j931.jpg,1562789281.0,183,0.98,16,CasualUK,Bejeev
cbln8g,My wife took a shit hiking up the Lake District. She doesn't know I use reddit.,[deleted],https://www.reddit.com/r/CasualUK/comments/cbln8g/my_wife_took_a_shit_hiking_up_the_lake_district/,1562788859.0,6730,0.95,402,CasualUK,[deleted]
cblloj,"This is Baby. She isn't my cat. She keeps an eye on the shed, however.",,https://imgur.com/glfocu4,1562788650.0,141,0.98,7,CasualUK,LordCockSplat
cbk72t,Horrible Histories on CBBC is actually class,I have to watch cbbc sometimes and HH is ace. It‚Äôs got loads of the cast of peep show in it.,https://www.reddit.com/r/CasualUK/comments/cbk72t/horrible_histories_on_cbbc_is_actually_class/,1562782217.0,241,0.96,61,CasualUK,[deleted]
cbjn0r,When the weather is dry I always leave fresh drinking water for the squirrels living in our neighbourhood. And just 5 minutes later:,,https://i.redd.it/eca7b0ejfi931.png,1562779643.0,829,0.99,48,CasualUK,flyhighsometimes
cbirt8,My mate's dad burned him this CD in the early 2000s,[deleted],https://i.redd.it/jax6t5gk4i931.jpg,1562775558.0,702,0.99,47,CasualUK,[deleted]
cbim6u,The dog knight watching over the pub I work at,,https://i.imgur.com/1LXLkpF.jpg,1562774834.0,159,0.98,11,CasualUK,TaraAshleyMxox
cbigx8,"My Caucasian colleague back from holidaying in Spain, with a tan. Now browner than my Pakistani natural colour. He's heading back in a few weeks...",,https://i.redd.it/o6517ree0i931.jpg,1562774154.0,410,0.94,98,CasualUK,shakakhannn
cbi273,The summer brings all the ruffians out down my local,,https://i.redd.it/ybv8hv2luh931.jpg,1562772200.0,193,0.99,18,CasualUK,NormanMcNormanton
cbgvp6,It‚Äôs all kicking off in Barnsley,,https://i.redd.it/7343rbjvch931.jpg,1562766243.0,114,0.99,15,CasualUK,metal_hobbit
cbgibt,Every bin day my toddler and I wave to the bin men. They always wave back. Which nice people do you see in your neighbourhood?,"My toddler, like most, loves big trucks. The bin lorry stops right outside our window so we always go and watch and wave to them. We do it so much they look for us now as they know she's there to wave to them. I always think it's really nice of them, they could just walk past and ignore us. 

Which nice people make you smile when you see them?",https://www.reddit.com/r/CasualUK/comments/cbgibt/every_bin_day_my_toddler_and_i_wave_to_the_bin/,1562764152.0,90,0.95,83,CasualUK,KungFuPup
cbg9pa,This show was a banger,,https://i.redd.it/2w8jg69g2h931.jpg,1562762738.0,792,0.97,133,CasualUK,fazzy69
cbfqv4,Madness.,,https://i.redd.it/zea6ugwssg931.jpg,1562759492.0,353,1.0,58,CasualUK,Fluffanutz
cbfmll,I recently went back to having a milkman and have rediscovered the joy of the broken biscuit box!,,http://imgur.com/gWF9HAL,1562758687.0,119,0.97,35,CasualUK,palenotinteresting
cbfjyx,Del Boy and Rodney plushies in the Aldi centre aisle.,,https://i.redd.it/16fxzms2pg931.jpg,1562758245.0,119,0.97,31,CasualUK,MrBozzie
cbf7iz,"Just found this elixir, circa 1997... it really did cure everything",,https://i.redd.it/c2rj6fuzhg931.jpg,1562755877.0,59,0.93,15,CasualUK,[deleted]
cbes1z,"PSA: It is NEVER ok to fill up or add to someone else‚Äôs skip without their permission. I take one day off for a funeral and come back to this filled by students and other builders. I know I‚Äôm shovelling shit against the tide. I expected it, but it‚Äôs not ok and shouldn‚Äôt be normal. I‚Äôm paying.",,https://i.redd.it/rr1fq8lh8g931.jpg,1562752661.0,555,0.99,146,CasualUK,MonkeyStrings
cbena8,Tried checking for my bus‚Äô WiFi...,,https://i.redd.it/2oc0qthk5g931.jpg,1562751682.0,64,0.92,4,CasualUK,H4z4rdWARFARE
cbdu02,"A mate took this on his commute in this morning. Going, Going, Gone. (Unlike the trains on the track above)",,https://i.redd.it/tv5emytdmf931.jpg,1562745235.0,94,0.99,19,CasualUK,DC588
cbdpft,My family are moving house after living here for 14 years. The man who delivers our Sainsbury‚Äôs shopping brought my mum some chocolate and flowers from all the delivery staff at our local Sainsbury‚Äôs because she‚Äôs been such a long standing customer üò≠,,https://i.redd.it/1iypsvnijf931.jpg,1562744264.0,16502,0.94,250,CasualUK,clearwatergreen
cbdlin,I think you are telling fibs Yodel driver.,,https://i.redd.it/uiaoqly7hf931.jpg,1562743498.0,110,0.98,27,CasualUK,Laserlips8
cbbqpx,"If there were a Smart Meter device invented which could give you various random stats about your home, such as ‚ÄòHome currently smells of: Wet Dog &amp; Farts‚Äô and ‚ÄòSpiders within 10m of meter: 6‚Äô, which settings would you keep, disable or add?",[deleted],https://www.reddit.com/r/CasualUK/comments/cbbqpx/if_there_were_a_smart_meter_device_invented_which/,1562731490.0,66,0.9,27,CasualUK,[deleted]
cb83e2,I swear it's every time.,,https://i.redd.it/1w4t3tz5vc931.jpg,1562712033.0,218,0.98,14,CasualUK,plinythemiddleone
cb7ihq,Don't be a dickhead like me....,[deleted],https://www.reddit.com/r/CasualUK/comments/cb7ihq/dont_be_a_dickhead_like_me/,1562709326.0,98,0.95,9,CasualUK,[deleted]
cb7dma,‚ÄúThis is not a cinema‚Äù,,https://i.redd.it/jamg586slc931.jpg,1562708705.0,910,0.97,113,CasualUK,Benj97s
cb6ns1,I saw Sir David Attenborough in Birkenhead today,,https://i.redd.it/mh8y7prxbc931.jpg,1562705394.0,244,0.99,20,CasualUK,gzr498
cb5lbk,Sevenoaks Stag,,https://i.redd.it/bn2j0rapxb931.jpg,1562700607.0,251,1.0,12,CasualUK,northern-down-south
cb56cu,Surely I‚Äôm not the only one?,,https://i.redd.it/jf1ggva8sb931.jpg,1562698766.0,1465,0.98,139,CasualUK,Swim01
cb4h7i,Emigrating to America tomorrow,"Just on my way to Gatwick and I'm excited to fly off and finally be with my wife. Don't any of you beautiful wankers fuck up the country whilst I'm gone, I expect to be able to cone me back and it be in one piece still! Smoke me a kipper, I'll be back for breakfast.

Edit: Boarded, and about to take off. Thanks for all the kind words, advice, and well wishes.",https://www.reddit.com/r/CasualUK/comments/cb4h7i/emigrating_to_america_tomorrow/,1562695685.0,221,0.95,127,CasualUK,elementalguy2
cb42s4,Can you hear this mug?,,https://i.redd.it/9hbzouuldb931.jpg,1562693930.0,374,0.97,58,CasualUK,danger0usd1sc0
cb3n9h,"When a home makeover show fuck up a couple's house, the presenter has an argument with the husband.",[deleted],https://youtube.com/watch?v=SicKIeA9kqY,1562692025.0,114,0.98,51,CasualUK,[deleted]
cb3hug,For Sparta!!!!,,https://imgur.com/VnJMHWH,1562691373.0,77,0.94,4,CasualUK,ClintonLewinsky
cb34a1,Apparently my local butcher knows more about my Nan than I do.,,https://i.redd.it/18sw5soz0b931.jpg,1562689649.0,141,0.95,18,CasualUK,TheLidgefrid
cb2l87,Ending a phone call,,https://i.redd.it/jt2ws3egta931.jpg,1562687232.0,10986,0.98,123,CasualUK,AdditionalTrifle
cb124w,The UK's Best And Worst Train Stations,,https://i.redd.it/a301n2ts7a931.png,1562679841.0,67,0.92,48,CasualUK,IMT123
cb10ln,Two years on and my ¬£1 Tesco plant has grown into an absolute beast! They might bugger up my online deliveries but can‚Äôt argue with that value.,,https://i.redd.it/poabr9ra7a931.jpg,1562679619.0,165,0.99,18,CasualUK,AceBobe
cb0glu,"Silver Spitfire - credit John M Dibbs, The Times. Best looking aircraft ever!",,https://i.redd.it/3uejyofdy9931.jpg,1562676671.0,68,0.97,30,CasualUK,Torque_Tonight
cb0aml,I wonder if they realised when they put it up...,,https://i.redd.it/fskwjq8rv9931.jpg,1562675738.0,345,0.98,50,CasualUK,MrPontiffSulyvahn
cb07gq,When a popular meme finds its way into a First Aid at Work manual,,https://i.redd.it/kzcu7u69u9931.jpg,1562675234.0,152,0.98,4,CasualUK,Froggatt34
cazxil,The temptation was real,,https://i.redd.it/h1axfsv1p9931.jpg,1562673624.0,194,0.98,26,CasualUK,kaylax182
caz9mc,Oof,,https://i.redd.it/301hrpta95931.jpg,1562669290.0,1078,0.97,23,CasualUK,iledoffard
caz44i,Found outside a pub,,https://i.redd.it/etpurkng99931.jpg,1562668244.0,1082,0.95,243,CasualUK,James-Livesey
cayql3,Dick pics in the Metro? Never change ü§£,,https://metro.co.uk/2019/07/07/student-asks-men-of-tinder-to-send-her-dck-pics-for-art-300-of-them-come-through-10128368,1562665670.0,69,0.92,42,CasualUK,01463322667TW
caykz2,Happens to me all the time...,,https://i.redd.it/olo7x5bky8931.jpg,1562664574.0,12857,0.97,569,CasualUK,TheCrunchyGroovster
caycqu,Really done with Tuesday - It's a stupid day of the week.,"I mean even why. And who the fuck is Tue? That's never been explained. It's just this lull, a tiresome doldrum until we get to Wednesday, which yay! is a proper day.

Think it's high time we considered having a long Wednesday. Maybe a Normal Monday, with a 6 hour 'Free Time' period and then an extended lie-in, approaching the Wednesday.

I haven't entirely figured this out yet could possibly do with help",https://www.reddit.com/r/CasualUK/comments/caycqu/really_done_with_tuesday_its_a_stupid_day_of_the/,1562662916.0,57,0.91,35,CasualUK,Gustyarse
cay1lv,"As a German, it‚Äôs worth a weekend excursion to stay cheeky",,https://i.redd.it/gfi79garm8931.jpg,1562660604.0,282,0.94,69,CasualUK,alaskafish
caxb7s,Wankerville is back!,,https://i.redd.it/vpe0fq1978931.jpg,1562655393.0,488,0.98,45,CasualUK,[deleted]
cawv3z,RLEAT ?,,https://i.redd.it/n4yzfuk4u5931.jpg,1562652347.0,613,0.98,30,CasualUK,thecomment-guy
catczq,I became a British Citizen last week!,[deleted],https://i.redd.it/egggt1ho96931.jpg,1562631992.0,551,0.91,56,CasualUK,[deleted]
cas0o8,Sheffield Park National Trust Gardens,,https://i.redd.it/sawvhzn4p5931.jpg,1562625082.0,63,0.98,3,CasualUK,northern-down-south
carzou,Today the staff at Jet2 made my 8 year old extremely happy! He is a nervous flyer he got nothing but love off the air hostesses today. He was picked to sell raffle tickets and got to sit in the cockpit with his sister when we had landed. Absolutely brilliant start to our holiday!,[deleted],https://i.redd.it/wsrdl8mko5931.jpg,1562624935.0,242,0.95,31,CasualUK,[deleted]
carqwc,Did anyone else hear a man call some children racists on the news tonight?,,https://v.redd.it/fwmu55axk5931,1562623764.0,123,0.98,11,CasualUK,saxarocksalt
caqjbv,"In case anyone was wondering, it's not worth it.",,https://i.imgur.com/lTdsixx.jpg,1562618065.0,97,0.93,73,CasualUK,RedditSwitcherooney
capz5g,Countdown today everyone,,https://i.redd.it/xfrgqiolw4931.jpg,1562615488.0,2538,0.99,110,CasualUK,MediumMeatLover
capw9p,Balmoral Castle,[deleted],https://i.imgur.com/Vwxkz13.jpg,1562615125.0,63,0.96,10,CasualUK,[deleted]
capme4,Finally got my first British Passport since becoming a citizen today!,,https://i.redd.it/wtaltqarr4931.jpg,1562613860.0,7497,0.93,556,CasualUK,Dragoon112
capcbb,"At the junction of a couple of quiet London roads sits a Soviet T-34 tank. The question is, why? Here is the strange story of 'Stompie', the tank that defied the local council and has become in the process a famous landmark. [3 mins]",,https://www.youtube.com/watch?v=a4I8YrKc_cQ,1562612608.0,72,0.95,12,CasualUK,Gonad-Brained-Gimp
canq5y,Some lovely passive-aggressiveness on my commute home,,https://i.imgur.com/9bTlcrD.jpg,1562605521.0,476,0.99,20,CasualUK,CorinGetorix
camnbq,"Bodiam, East Sussex.",[deleted],https://i.redd.it/di79jtn3o3931.jpg,1562600523.0,456,0.99,42,CasualUK,[deleted]
camhpl,Someone's taking the mickey,,https://i.redd.it/kbewszswl3931.jpg,1562599786.0,113,0.99,10,CasualUK,[deleted]
camcz9,"My mate is a Postman and apparently it's 'Dog Awareness Week' at the Royal Mail. To help with awareness for dog attacks, he has quickly and sarcastically designed this...",,https://i.redd.it/gbwhlxy1k3931.jpg,1562599162.0,164,0.96,23,CasualUK,IHateOtherRedditors
cam7g4,Summer is cruel. Left in my office (with air con on) for three hours.,[deleted],https://i.redd.it/z9hbfalth3931.jpg,1562598414.0,71,0.96,13,CasualUK,[deleted]
cam6s8,"One of the hedgehogs we are feeding decided to have a little nap on the pavement, I snapped this picture I think describes me well...",,https://i.redd.it/puwonvakh3931.jpg,1562598332.0,438,0.99,28,CasualUK,GoldenSlime
cam527,"Dunstanburgh Castle, Northumberland",,https://i.redd.it/au4qxhsog3931.jpg,1562598120.0,170,0.97,20,CasualUK,[deleted]
calxwe,BBC insists that the next series of Dr Who won't be affected by budget cuts...,,https://imgur.com/4l7ESK8.jpg,1562597154.0,1311,0.98,41,CasualUK,Scary_
calxhq,"A match made in Suffolk, heaven.",,https://i.redd.it/fdbjmgnqd3931.jpg,1562597098.0,105,0.98,4,CasualUK,Engimentalist
calaxl,Standstill on the M5 but does anyone fancy a ice cream?,,https://v.redd.it/0n7mll5l43931,1562593977.0,209,0.98,30,CasualUK,Jadeyyx0
cajzy9,I just booked my citizenship ceremony!,"Wooooo. Nearly 6 years and THOUSANDS of ¬£ later and I finally received approval for my British Citizenship! I've just booked in my ceremony for next month and wanted to share the good news somewhere (this sub just seemed the most fitting). Super pleased to be done and dusted with all of the applications and wait times for approvals. The irony was that - as an American - I received the actual approval on the 4th of July. Nothing more hilarious to me than receiving my British citizenship on the date of the American independence.

**ETA** : Thank you /u/yorkshiremutt for the Gold! This has made my Monday even better than I thought it could get :)

**2nd Edit** : WOW! Firstly, thank you all for the kind words and support. It's really appreciated. And thank you to /u/MissDastardly for giving me Platinum! I don't know if you meant to click that button or not, but I'll take it and it's incredibly kind of you! &lt;3",https://www.reddit.com/r/CasualUK/comments/cajzy9/i_just_booked_my_citizenship_ceremony/,1562586296.0,447,0.93,201,CasualUK,x0_Kiss0fDeath
cajrm1,I love finding a random bench when you've been walking for miles,,https://i.redd.it/qd0oyhl5d2931.jpg,1562584737.0,179,0.96,28,CasualUK,gastn1
caj1ju,Morning news in Derby,,https://i.redd.it/96v2yntlx1931.jpg,1562579504.0,8755,0.98,138,CasualUK,jndn7
caio2d,"Morrisons, Letchworth, Monday Morning. What!?",,https://i.redd.it/wlz39kb9p1931.jpg,1562576698.0,73,0.95,28,CasualUK,rporterdale89
caimz2,Before I even noticed ¬£ this screamed home.,,https://i.redd.it/5pwo713bsy831.jpg,1562576474.0,580,0.97,40,CasualUK,The_Real_JT
caif4k,"Wait, what?",,https://imgur.com/QCBFH1A,1562574639.0,179,0.99,18,CasualUK,TomskiGames
cahy7i,No fun to be had here,,https://i.redd.it/tby8m70k71931.jpg,1562570753.0,292,0.98,6,CasualUK,Ginsoakedboy21
cahn36,I was at the pub last night and discovered my friend carries round this device because she thinks the new 5G service is going to fry her brain.,,https://i.redd.it/i07yc64s01931.jpg,1562568500.0,1583,0.98,449,CasualUK,millsytime
caegtt,Arthur's Seat in Edinburgh,,https://i.redd.it/vltrqkxyaz831.jpg,1562547680.0,88,0.96,2,CasualUK,Toadvine8
cadkuo,Caught this on camera last Saturday,,https://i.redd.it/boiiizd3vy831.png,1562542375.0,62,0.94,10,CasualUK,[deleted]
caco7r,"My grandad had a chance to fly in a Spitfire on Saturday, and we were allowed to fly alongside!",,https://i.redd.it/tgo0kpr2gy831.jpg,1562537288.0,343,0.99,26,CasualUK,LS_UK
cacmtj,Am I the only one that just prefers winter?,,https://i.redd.it/5hqyx3ugfy831.jpg,1562537083.0,13565,0.92,726,CasualUK,allthekos
caclhz,Result,,https://i.redd.it/xxhk58xvey831.jpg,1562536888.0,503,0.98,18,CasualUK,promethiumpb
cabp19,Who says quality journalism is dead in the UK?,[deleted],https://i.redd.it/meadggjj0y831.png,1562532112.0,358,0.98,45,CasualUK,[deleted]
cabjli,I‚Äôll take it,,https://i.redd.it/ut4f7lbdyx831.jpg,1562531335.0,726,0.99,86,CasualUK,hantulgom
cabfy8,"It‚Äôs usually raining in our corner of the country, but it was looking beautiful and dry tonight.",,https://i.redd.it/lhgo484vwx831.jpg,1562530831.0,154,0.99,7,CasualUK,kamtac83
cab748,"Not everyone's cup of tea, but Rammstein were amazing in Milton Keynes last night!",,https://i.redd.it/35or3ri4tx831.jpg,1562529593.0,1713,0.98,222,CasualUK,faithlessMia
cab5h5,Think I've broken the Spaniel... Just resting his head after our loooooooong walk,,https://i.redd.it/z6g4coijsx831.jpg,1562529376.0,129,0.97,13,CasualUK,watchman62
caapjb,Today I was reminded how great the police are.,"I know there is lots wrong with policing (underfunded and over stretched) and not everyone in the police is an angel (just ask any copper about some of their colleagues!) but I rang 999 for the first time ever today for something pretty low level and was really grateful for the rapid, supportive and professional response. I am lucky and privileged to have people a phone call away who will take on my problem and resolve it for free. Happy Sunday and thanks to everyone in uniform. Unless you're wearing a Nazi uniform to a fancy dress party obvs.",https://www.reddit.com/r/CasualUK/comments/caapjb/today_i_was_reminded_how_great_the_police_are/,1562527150.0,61,0.85,41,CasualUK,LEDspotlight
caab42,View from the top of Snowdon at 5am this morning. The last of the 3 peaks in 24 hours!,,https://i.redd.it/m10q9kkxfx831.jpg,1562525134.0,5665,0.98,116,CasualUK,iraniancamelherder
caa80c,"After the South Wales airshow finishes, and 100,000 people go home, this happens. If any of you decide to go make sure you stick around and enjoy the whole weekend.",,https://i.redd.it/ogye0d3nex831.jpg,1562524700.0,63,0.92,4,CasualUK,ProjectVRD
ca9pbz,Kent is not all bad,[deleted],https://i.redd.it/d7mlzhmz6x831.jpg,1562522126.0,177,0.95,6,CasualUK,[deleted]
ca9kaq,Exclusive parking.,,https://i.redd.it/393qdtkx4x831.jpg,1562521438.0,210,1.0,17,CasualUK,gobber262
ca9dhi,So I‚Äôm just sitting in my living room when this thing passes my house...,,https://i.redd.it/emof9kj42x831.jpg,1562520502.0,599,0.98,49,CasualUK,chappers_luke
ca9a7h,Wales is so beautiful.,"Lived in the UK for 32 years I visited Wales for the first time this weekend, I;ve been all over the world but never been to Wales. I could not get over how pretty ever little village we drove through was, not just one or two houses that stud put, every house in the village was well kept and really unique. We went and visited the blue Lagoon and that is well worth a trip. Also didn't see a single police car or speed camera the entire way.  Great time Will definitely be going back again. Can't believe I'd never been before.",https://www.reddit.com/r/CasualUK/comments/ca9a7h/wales_is_so_beautiful/,1562520035.0,93,0.93,53,CasualUK,KelcyHammer
ca92gt,"When it‚Äôs sunny, we have the best beaches in the world.",,https://i.redd.it/r703qbklww831.jpg,1562518965.0,79,0.83,36,CasualUK,Boobie-Monster
ca8ae6,Cats are such precious creatures!,,https://i.redd.it/1raptgi3lw831.png,1562514783.0,619,0.98,45,CasualUK,zimbabweanexile
ca7rwx,Keswick- lake district last week,,https://i.redd.it/tv7bn2phcw831.jpg,1562511895.0,113,0.99,5,CasualUK,[deleted]
ca7o2q,"Liverpool, as seen from the top of the Liver building.",,https://i.redd.it/xw60xymoaw831.jpg,1562511275.0,258,0.96,25,CasualUK,anagoge
ca7c9v,A terrifying new addition to my father in laws garden,,https://v.redd.it/006bb8hz4w831,1562509384.0,171,0.96,12,CasualUK,amknight1988
ca63yf,"As an Irish person, it blows my mind that England has so many towns and cities I know nothing about and they‚Äôre actually pretty big","There‚Äôs only ten cities/towns on the island of Ireland with a population over 50k. If there is a town I know nothing about, chances are that hardly anyone lives there. England has at least 75 cities with over 100,000 people.  Less than 250km away, 240,000 people doing what they do every day in Blackpool and I haven‚Äôt a notion what that involves.",https://www.reddit.com/r/CasualUK/comments/ca63yf/as_an_irish_person_it_blows_my_mind_that_england/,1562500973.0,98,0.98,42,CasualUK,thehappyhobo
ca62zn,Free 16-25 ticket from St Pancras to Kettering valid all day today. On top of the RH machine towards the Thameslink entrance. Enjoy!,,https://i.redd.it/c2ue10rgfv831.jpg,1562500767.0,106,0.95,17,CasualUK,Oh_shroot
ca5u6k,Escalator I saw in Worcester town centre,,https://i.redd.it/vzh2lbek9v831.jpg,1562498780.0,298,0.96,63,CasualUK,jxshua__cs
ca5ll7,The Red Arrows just flew over my house!,,https://i.redd.it/ik9br5hg3v831.jpg,1562496725.0,107,0.96,20,CasualUK,tommyrocks1000
ca5gj8,Rare sighting of a true patriot yesterday.,,https://i.redd.it/mdcyps4nzu831.jpg,1562495468.0,466,0.98,34,CasualUK,hibblejibble
ca5fox,Has anyone seen any worthy contenders this year?,,https://i.redd.it/gewew1b3zu831.jpg,1562495255.0,1929,0.99,60,CasualUK,DondeT
ca5ch4,me and the brother in law are off to the pub later for just 1 pint. do you think we will have 8 pints or 9 pints?,,https://www.reddit.com/r/CasualUK/comments/ca5ch4/me_and_the_brother_in_law_are_off_to_the_pub/,1562494478.0,68,0.89,37,CasualUK,cactusdan94
ca583j,"Swans on the line, how very British!",,https://i.redd.it/rh2z8avhtu831.jpg,1562493377.0,128,0.98,26,CasualUK,gdcurl
ca4wng,'Exotic' bird at Bucks Animal Hospital turns out to be a gull covered in curry or turmeric,,https://www.bucksfreepress.co.uk/news/17741769.exotic-bird-at-bucks-animal-hospital-turns-out-to-be-a-gull-covered-in-curry-or-turmeric/?ref=rss&amp;utm_source=dlvr.it&amp;utm_medium=twitter#,1562490413.0,318,0.99,56,CasualUK,retailface
ca4l7n,"Wanted to try a few ""traditional"" English recipes. Maybe not.",,https://i.redd.it/ok3g4vgrbu831.png,1562487432.0,69,0.94,24,CasualUK,vbloke
ca4icj,Like a red rag to a bull,,http://i.imgur.com/bsHcFQx.jpg,1562486692.0,330,0.98,25,CasualUK,B_Underscore
ca4fxl,Kent bad.,,https://i.redd.it/onhoeg2q7u831.png,1562486052.0,42354,0.93,2153,CasualUK,ProfVenios
ca4ao5,It can happen to the best of us.,,https://i.redd.it/wu281jgi3u831.jpg,1562484666.0,64,0.92,6,CasualUK,Waninglite
ca3tdd,At my local B&amp;M,,https://i.redd.it/dij27bn0rt831.jpg,1562480436.0,489,0.97,19,CasualUK,Juvy13
ca2wxw,Grade 'A' theft right there,,https://i.imgur.com/KvyElhQ.jpg,1562473439.0,525,0.99,25,CasualUK,penguin62
ca1uaz,Bartender preparing a cocktail in a fucking child's welly.,[deleted],https://imgur.com/DGT2a0e,1562466171.0,180,0.98,20,CasualUK,[deleted]
c9z4jg,Back when rubbish restaurants would give out CDs with their meals [2002],,https://i.redd.it/hs52e7me7r831.jpg,1562449630.0,56,0.95,9,CasualUK,FillesDeKilimanjaro
c9z3nr,"This Spanish Restaurant has the greatest name ever (Yes, its UK related)",,https://i.redd.it/40jdlwxx6r831.png,1562449492.0,93,0.92,9,CasualUK,The_Rodge
c9yyqg,A friend sent me this - accurate weather scale,,https://i.imgur.com/P5Mrpyz.jpg,1562448743.0,93,0.96,13,CasualUK,[deleted]
c9ynio,Rammstein live at MK stadium,,https://i.redd.it/yfz0imruzq831.jpg,1562447101.0,287,0.96,74,CasualUK,[deleted]
c9xvfj,Happy Saturday everyone,,https://i.redd.it/5egm12njnq831.jpg,1562442968.0,91,0.91,17,CasualUK,Malcolm1972
c9wr2c,The nightmare from our childhood,,https://i.redd.it/71etjs266q831.png,1562437101.0,456,0.97,42,CasualUK,Valoween
c9vser,Countries official tattoo.,,https://i.redd.it/0m33jx00gk831.jpg,1562432165.0,68,0.84,1,CasualUK,goldbergAm
c9v020,Gardening is such a relaxing pastime,,https://i.imgur.com/D476JOr.jpg,1562427988.0,143,0.99,48,CasualUK,Gonad-Brained-Gimp
c9uxul,"Jacob built a bloody big ladder, walked up it this morning.",,https://i.redd.it/koh6s4c1ep831.jpg,1562427669.0,98,0.99,13,CasualUK,idlewildgirl
c9ukqs,Ditched lunch plans after this bully arrived,,https://i.redd.it/nqbzgro28p831.jpg,1562425637.0,258,0.99,39,CasualUK,LordAnubis12
c9ueyt,ALDI BBQ,,https://i.redd.it/ht81oa8g5p831.png,1562424757.0,438,0.96,24,CasualUK,sonicsilver427
c9u7h1,But it's important!,,https://i.redd.it/7zlhlrqw1p831.png,1562423562.0,72,0.93,5,CasualUK,BananaBread04
c9u0gs,Be careful for those taxi scams people,,https://i.redd.it/88nlva7hyo831.jpg,1562422410.0,159,0.99,12,CasualUK,lebrian
c9tr24,The seagulls in the North are causing havoc,,https://imgur.com/rRDCU0L,1562420753.0,190,0.98,7,CasualUK,RayPissed
c9sviy,Found some comedy geniuses in Lancaster,,https://i.imgur.com/hUaojUW.jpg,1562414717.0,72,0.97,16,CasualUK,Dogbird03
c9su3w,This is something you don‚Äôt see on traffic cops,,https://v.redd.it/mrh8a19oao831,1562414447.0,295,0.97,36,CasualUK,ReadyBrek333
c9smgm,The most English of complaints,,https://i.redd.it/itqyqtx06o831.jpg,1562412840.0,944,0.99,53,CasualUK,TheBuffyMonster
c9skr2,Went in a shop today to pick up a couple bags of plain crisps. They tasted very unusual so I looked at the date...,[deleted],https://i.redd.it/l4zz6w3x4o831.jpg,1562412470.0,264,0.99,51,CasualUK,[deleted]
c9sexk,5 years since I drank from the chalice of the gods,,https://i.redd.it/7yfgm5uw0o831.jpg,1562411120.0,76,0.92,8,CasualUK,DougMcTugg
c9s7ge,Someone at Lidl needs to learn how to slice a fucking cake,,https://i.redd.it/9seweonovn831.jpg,1562409366.0,14181,0.96,229,CasualUK,Sockodile
c9ryam,"Guy came into work the other day, all casual, with a fox on a lead and a bird on his shoulder.",,https://i.redd.it/ytzy1tl3pn831.jpg,1562407147.0,576,0.99,56,CasualUK,UberPirateNinja
c9rxr3,At a 1 year old‚Äôs birthday party in Caerphilly. This drawing was stuck up on a wall by an air con machine,,https://i.imgur.com/aevnk58.jpg,1562407011.0,145,0.97,16,CasualUK,bigt8409
c9rwnn,Walking through the park on the way to work and saw a dalek. The one thing that can always connect this country is Doctor Who,,https://i.redd.it/2iyt374qnn831.jpg,1562406730.0,314,0.95,60,CasualUK,lunaluciferr
c9rwdf,"Estimate the total volume of tea in this cuppa. I will give silver, gold and platinum to the first correct answer.",,https://i.redd.it/snp38rojnn831.jpg,1562406659.0,115,0.96,218,CasualUK,Fosse22
c9n3lt,"Went to a UK embassy recently, still can't get over the official stamp.",,https://imgur.com/a/lkXnlgo,1562371496.0,159,0.99,27,CasualUK,nannal
c9n2mz,Would she take him somewhere uncomfortable?,[deleted],https://i.redd.it/6zqo60fkqk831.jpg,1562371320.0,71,0.96,7,CasualUK,[deleted]
c9mhxm,Seems about south east,,https://i.redd.it/ikq45h56gk831.jpg,1562367823.0,92,0.97,15,CasualUK,keenan37
c9m3aj,Fucks sake,"The dog‚Äôs just eaten my curry...

Having mopped up some errant mango chutney, I came back to find half my plate (the half previously containing chicken Bhuna) completely spotless - like it had been cleaned with a dishcloth or... a dog‚Äôs tongue.

This is bad for two reasons:
1 - I only got to eat half my curry.
2 - In about 6 hours, I‚Äôll be dealing with the fallout from a canine rectal explosion.

He‚Äôs currently looking at me like butter wouldn‚Äôt melt...",https://www.reddit.com/r/CasualUK/comments/c9m3aj/fucks_sake/,1562365441.0,109,0.99,44,CasualUK,Randyslaughterhouse
c9l9lc,"Fuckit, let's have some cheese",,https://i.redd.it/07zwu0jlvj831.jpg,1562360949.0,67,0.88,19,CasualUK,marshwizard
c9l2fz,"The best ""statue""in Manchester",,https://i.redd.it/hatvjlaosj831.jpg,1562359923.0,73,0.97,8,CasualUK,claireinmanchester
c9kedm,"It's not news that Pooh goes about the place sans trousers, but this is a bit much...",,https://i.redd.it/vckkrqehij831.jpg,1562356502.0,82,0.96,10,CasualUK,richardthesmith
c9ka7a,currently enjoying a few bevs watching a craig charles dj set. hell yes.,[deleted],https://i.redd.it/1epgu5umgj831.jpg,1562355919.0,187,0.95,38,CasualUK,[deleted]
c9j9mm,I think Fireman Sam might have just saved our villa.,"I just managed to set a fucking huge pan of olive oil on fire. I don't know about you, guys, but fucking huge fires aren't part of my daily life.

I'm on holiday in Crete with some of The Lads (*cue Chelsea Dagger*), and we were having a barbecue, so I decided to take charge of the potatoes to accompany. I parboiled them, chopped the garlic and rosemary, and set about heating the oil in a large pan. When I came to take the lid off the bastard, whoosh. Fire everywhere.

I haven't a flipping clue about fire in any form, but the second I saw it, after a brief period of internal screaming, my mind flashed back to an episode of Fireman Sam dealing with exactly this problem. As such, I set about soaking a teatowel under the tap, and had enough sense to tell one of the other lads approaching the pan with a bottle of water to stop (and call him a silly bastard into the bargain). Third go with the teatowel sorted everything out. But yeah; a program about Welshmen (of all things) I watched for a brief period of time as a child probably saved us from serious injury, and the property itself from serious damage. Mental.

The only thing I've got to wonder now is when is Postman Pat going to save my life?",https://www.reddit.com/r/CasualUK/comments/c9j9mm/i_think_fireman_sam_might_have_just_saved_our/,1562350655.0,88,0.99,24,CasualUK,HellsWaylon
c9j6w2,Some guy suggested to Virgin Trains that they should change their Twitter banner. Virgin Trains complied.,,https://i.redd.it/ey91094yyi831.png,1562350250.0,333,0.97,21,CasualUK,Frustrated_Wibbles
c9hv37,I didn't know you weren't supposed to eat it like this. Context in comments.,,https://i.imgur.com/p5woZAk.jpg,1562343659.0,172,0.97,99,CasualUK,piyokochan
c9h7e6,Telling my kids about ‚Äúbig slides‚Äù and had to share this!,,https://i.redd.it/oj5e0p5b6i831.jpg,1562340293.0,754,0.99,136,CasualUK,markjlast83
c9h6jp,My mum,[deleted],https://i.imgur.com/t5QZOjA.jpg,1562340176.0,1559,0.98,28,CasualUK,[deleted]
c9fw5q,What discontinued food are you glad to be rid of?,"So I've seen a few threads on here dedicated to long lost grub that people wish they still had. I want to know what discontinued snacks you hated, and are happy no longer exist.

For me it was mint skittles. My mum would buy them for me thinking they're healthier (I don't know why, maybe because toothpaste is mint?) I remember them being foul, and making me immediately want to shit. What's yours?",https://www.reddit.com/r/CasualUK/comments/c9fw5q/what_discontinued_food_are_you_glad_to_be_rid_of/,1562332897.0,58,0.96,155,CasualUK,Ollie-North
c9fr4d,"Usually the pretty sunset photos are from places like Cotswold villages, but I think London is just as beautiful in its own way.",[deleted],https://i.redd.it/k46uxjwmhh831.jpg,1562332037.0,430,0.95,20,CasualUK,[deleted]
c9fluu,I like my kids how I like my chickens. Free range.,,https://i.redd.it/r2rl54t0fh831.jpg,1562331123.0,110,0.95,13,CasualUK,AceRimmer2200
c9ejjt,I'm keeping our hot water bottles in the freezer,,https://i.imgur.com/O3h5myV.jpg,1562323486.0,108,0.94,34,CasualUK,ninjaPixel
c9ectf,"This was rather good, from the South Bank of the Thames on Wednesday",,https://i.redd.it/gnlq7along831.jpg,1562321925.0,373,0.99,13,CasualUK,Unisonlibrarian
c9doxd,"I passed my driving test this week, at the age of 40 :)","I tried and failed several times when I was 17, then gave up and moved to London. This time round, I took 10 lessons and passed. I'm proud of myself!

&amp;#x200B;

And now I've got to drive on my own, which is scary.

UPDATE: I drove on my own! It was ok!",https://www.reddit.com/r/CasualUK/comments/c9doxd/i_passed_my_driving_test_this_week_at_the_age_of/,1562316645.0,8002,0.94,587,CasualUK,mrsfran
c97jzq,Can we just take a moment to appreciate beans on toast.,"Things haven't been great lately. Been out of work a few months and money has dried right up. But damn those beans on toast really were the highlight of my day. I haven't been this full in days.

Thanks beans on toast, you've always got my back.",https://www.reddit.com/r/CasualUK/comments/c97jzq/can_we_just_take_a_moment_to_appreciate_beans_on/,1562273545.0,201,0.95,104,CasualUK,jnnyyng
c969ru,Can't believe Megabus ran with this name,,https://i.redd.it/kkbk84f43c831.jpg,1562266582.0,310,0.97,44,CasualUK,theNon-Eggler
c95j9m,"Bit of a crap chair then, isn't it?",,https://i.redd.it/vhr41nwqrb831.jpg,1562262768.0,77,0.95,7,CasualUK,anagoge
c942ge,A thing of Automotive loveliness!!,,https://i.redd.it/8z33m2955b831.jpg,1562255155.0,134,0.95,16,CasualUK,badger822
c93c2m,Local building site getting creative,,https://i.redd.it/0f7vvcc6ta831.jpg,1562251175.0,89,0.97,8,CasualUK,Pancake-Marathon
c9396a,What a nice name for a pub,[deleted],https://i.redd.it/4s3dgdywra831.jpg,1562250711.0,261,0.99,46,CasualUK,[deleted]
c932yr,"Tell us your favourite, obscure fact about the United Kingdom.",[deleted],https://www.reddit.com/r/CasualUK/comments/c932yr/tell_us_your_favourite_obscure_fact_about_the/,1562249740.0,152,0.99,339,CasualUK,[deleted]
c92vgb,"Is is me, or does Nicki Minaj look like Pat Butcher here?",,https://i.redd.it/fdhh27jila831.jpg,1562248554.0,582,0.97,35,CasualUK,battz007
c91ktu,Sometimes we forget what a wonderful corner of the world we live in... Low Force in Teesdale,,https://i.redd.it/8kdpjebww9831.jpg,1562240298.0,75,0.92,5,CasualUK,pbstar
c91cbz,"not sure if this post fits in this sub but last night I took this in Snowdonia, Wales",,https://i.redd.it/pmix84wrr9831.jpg,1562238572.0,502,0.98,33,CasualUK,Jaffaaaa
c9156v,Some poor kid has been immortalised on the Google Street View of Centre MK.,,https://i.redd.it/xn0uzy8rm9831.png,1562237035.0,1033,0.99,48,CasualUK,ArtistEngineer
c90kvi,M&amp;S self serve till clearly disagrees with my choice of breakfast...,,https://imgur.com/VFOYBbO,1562232657.0,1096,0.99,47,CasualUK,neb8neb
c90ajb,Lord Rothschild drives his Zebra-drawn Carriage by the Royal Albert Hall,,https://i.redd.it/h2990j1939831.jpg,1562230314.0,235,0.99,33,CasualUK,danger0usd1sc0
c909cm,PSA: We will not be accepting any 4th July posts / comments today.,[removed],https://www.reddit.com/r/CasualUK/comments/c909cm/psa_we_will_not_be_accepting_any_4th_july_posts/,1562230035.0,626,0.97,154,CasualUK,[deleted]
c903mh,Someone where I was working had converted an old Nissan Micra into a pickup truck for some reason.,,https://i.redd.it/s5cpeb2gy8831.jpg,1562228687.0,549,1.0,63,CasualUK,ElliottP1707
c8yky9,"Fantastic holiday in Lisbon, on the way home our flight was delayed. And then our car broke down. Waited for recovery for five hours. It‚Äôs been a long day, it‚Äôs now 6.13am Thursday. I haven‚Äôt slept since Tuesday night. Any one else got any good travel stories?",,https://i.redd.it/t2l8pmzx08831.jpg,1562217423.0,78,0.96,40,CasualUK,dotcottonsrotten
c8vjxg,"Little fucker sniffed out my chips, that'll be 20p mate",,https://i.redd.it/v04np5ymf6831.jpg,1562198153.0,109,0.99,6,CasualUK,ifuckcustard
c8uitw,Closed down police station used to grow weed,[deleted],https://i.redd.it/acxwfmdhy5831.jpg,1562192380.0,119,0.99,7,CasualUK,[deleted]
c8txt7,The kids drawing cock ups you‚Äôve been sending in are quite possibly the funniest things we've ever seen! - This Morning,[deleted],https://twitter.com/thismorning/status/1146040456385630208?s=19,1562189439.0,119,0.96,10,CasualUK,[deleted]
c8tl8w,There's a pink bus stop with a loo inside in Somerset but no one knows why,,https://i.redd.it/7keqkdfjk5831.jpg,1562187691.0,622,0.99,70,CasualUK,Mikeltee
c8qryt,Rik Mayall &amp; Adrian Edmondson break character,[deleted],https://www.youtube.com/watch?v=G_X_7TrcHGM,1562174225.0,147,0.98,20,CasualUK,[deleted]
c8qbpd,It‚Äôs time to play ‚ÄúName That Castle‚Äù,,https://i.redd.it/6cp1s3r1a4831.jpg,1562172084.0,72,0.97,28,CasualUK,gruff2001
c8qamh,Is this interesting British history or have I been sheltered my life from bags o‚Äô mystery?,,https://i.redd.it/qxmuvo8p94831.jpg,1562171937.0,58,0.97,21,CasualUK,[deleted]
c8pihc,"Hedgehog update! I took him to the vet for a check over after his ordeal, have ordered a hedgehog house, bought some meal worms &amp; released him back in to our garden - nasty drain has been covered!",,https://i.redd.it/t8q65z73y3831.jpg,1562168036.0,940,0.99,39,CasualUK,dontfearlionhere
c8p23x,Is this guy always in Leicester Square? Every day?,,https://v.redd.it/1ae19zk7r3831,1562165746.0,453,0.99,67,CasualUK,Jcb-Sm
c8ozpm,Got given a pile of books...yeah awkward this one.,,https://i.redd.it/43ulpyn9q3831.jpg,1562165406.0,150,0.98,35,CasualUK,PoorlyAttired
c8omic,Just a mum taking the kids for a walk out in Hereford city centre....,,https://i.redd.it/3c8k0bmgk3831.jpg,1562163452.0,272,1.0,22,CasualUK,Pebbles015
c8nllt,Go on lad !!,,https://v.redd.it/ei643qki23831,1562157579.0,109,0.94,29,CasualUK,Lifeinthebuslanee
c8mqmq,"Hedgehog Rescue - he had fallen in to an uncovered drain and was stuck, I‚Äôve a few spike marks in my fingers but he seems OK. He‚Äôs balled up and in a dark box - we‚Äôll take him to a wildlife sanctuary ASAP",,https://i.redd.it/zmwixwnll2831.jpg,1562151727.0,108,1.0,9,CasualUK,dontfearlionhere
c8mn82,"Baby moos to each parent differently, one moo in a Welsh accent and one moo in a Belfast accent. I love the Belfast moo.",,https://m.youtube.com/watch?v=regVOpVH43Q,1562151058.0,608,0.97,56,CasualUK,Hoopladoopladoo
c8m4p9,"When you were a child, what was something that terrified you about being an adult that turned out to be untrue?",[deleted],https://www.reddit.com/r/CasualUK/comments/c8m4p9/when_you_were_a_child_what_was_something_that/,1562147222.0,76,0.96,172,CasualUK,[deleted]
c8lc5u,I just got booed at work,"Im American and I work at a College in London, I walked into the dining hall and the College ladies football team is there I said good morning and they looked up at me and booed.

I had absolutely no idea what was going on then the cogs turned about the women‚Äôs World Cup last night.

I explained that I didn‚Äôt even watch it or have an interest in women‚Äôs football, that seemed to increase the boo‚Äôs

British humour , I‚Äôm quite touched.",https://www.reddit.com/r/CasualUK/comments/c8lc5u/i_just_got_booed_at_work/,1562140527.0,187,0.95,42,CasualUK,Kingkunta87
c8lbn5,The Duke of York (later to be King George VI) looks thrilled to be on a slide at the Wembley Exhibition in 1925.,,https://i.redd.it/apcxpy8un1831.jpg,1562140396.0,1603,0.99,89,CasualUK,danger0usd1sc0
c8l5c9,I had the weirdest interaction with my neighbour last night...,"Hey everyone, I just had the weirdest interaction with my neighbour. To set the scene, we moved in about 4 months ago and have spoken to a few of the neighbours a couple of times, including this lady; she gave us some reduced strawberries from the local shop when we moved in and randomly came round a couple of times asking if we'd seen her cat (it was behind her).

So I'm going out to the garage (separate block) to put some stuff away (all comically long things as they couldn't go out with the bins - curtain rail, clothes rail and a spare pipe &amp; head for the knackered Hoover we've been using to Hoover up plaster and sawdust whilst we're decorating) and she catches me at the door. Bearing in mind I have my hands totally full I say hi then keep moving...she has other plans and starts a chat - she's been to Waitrose (again) and got a load of reduced meat including a fucking gigantic joint of beef. 

(This is a direct quote) ""I don't need these, do you **want** these?"" 

I hastily try and decline - myself and my partner have just gone veggie, but she somehow convinces me to freeze them and give them to my partner's parents when we next see them. Fair enough, I thought, if she doesn't want them I'll do her a favour and take them off her hands. 

She then tries to give me all this random meat then tries to grab the Hoover pipe out of my (very full) hands, saying ""do you need this? I need this because mine broke"" I said something along the lines of ""we're not using it at the moment but it'll be good to keep it"" which didn't really convince her. As it was getting a bit awkward and my hands were full I suggested going and knocking on the door and giving the meat to my partner whilst I went out to the garages. 

So whilst I'm at the garage I get a text from my partner -  just washed her hair so wasn't going to answer the door. Great. I go back and find her peering through the door so I apologise and carry on the conversation from before (sans Hoover pipe). I then go to head inside and she goes ""this isn't free btw, you can't just take it"".  I look at the prices and it's about ¬£10 of meat (even reduced). I definitely don't have that much cash and if I did it wouldn't be immediately to hand so I kinda go ""errrrr"" and go to give them back and explain. She then insists I take them, suggesting she could come round tomorrow and collect the money *for the meat I didn't even fucking want*. I decline again and she's quite insistent, suggesting writing a cheque (!???!?!?) Or doing a bank transfer. I decline again and again, but she's insistent. At this point I try and put a stop to things saying money's a bit tight and she stomps off in a huff so I (trying to be nice) call ""thanks anyways"" as she goes. Last thing I saw was her doing the same to another neighbour.

I get inside and share a confused 5 mins explaining to my partner how I managed to avoid being bullied into buying some meat we don't want or need. I've heard of similar scams in Rome and Paris but not on my doorstep from the neighbours! 

Am I the weird one in this? 

TLDR: old lady tries to give me her meat and grab my pipe, I decline and nearly end up on rouge traders.",https://www.reddit.com/r/CasualUK/comments/c8l5c9/i_had_the_weirdest_interaction_with_my_neighbour/,1562138965.0,176,0.98,66,CasualUK,woah_dude_really
c8ktz0,A riverside house starting to sink,,http://imgur.com/IrvZIlW,1562136583.0,95,0.98,38,CasualUK,Dodge120887
c8gaud,"Just to remind you what the summer grass looked like this time last year (Hyde Park, 2018).",,https://i.redd.it/zv35hfbuxy731.png,1562107962.0,160,0.97,19,CasualUK,DefChip
c8fy32,David Attenborough on Girlfriends,,https://v.redd.it/l6prr3l6bx731,1562106100.0,92,0.82,3,CasualUK,QueenieQueeferson
c8eznz,This snail has one leg shorter than the other,,https://i.redd.it/yc6zy32mfy731.jpg,1562101289.0,661,0.97,21,CasualUK,zetecvan
c8cvok,Ros√© in a can. On a train. On Tuesday. And they say you can‚Äôt buy class.,,https://i.redd.it/bx8i1sj0px731.jpg,1562092343.0,5337,0.98,185,CasualUK,cained_n_able
c8ceyh,One of the shops on the local high street today,,https://imgur.com/LOwyci8,1562090145.0,540,0.98,12,CasualUK,ImSimplyMatt
c8bwkk,A Better UK Horoscope,,https://i.redd.it/6a0lj2s6bx731.jpg,1562087693.0,101,0.95,40,CasualUK,rubbishfrog
c8bqh7,Can't be too careful these days!,,https://i.redd.it/8fsmlens8w731.jpg,1562086921.0,178,0.96,7,CasualUK,DiegoJunior
c8bomp,England v USA World Cup (8pm) semi-final thread,[deleted],https://www.reddit.com/r/CasualUK/comments/c8bomp/england_v_usa_world_cup_8pm_semifinal_thread/,1562086687.0,62,0.86,394,CasualUK,[deleted]
c8bo8l,Just drunkenly walked past a van and slightly knocked the wing Mirror,"Walked past a van and knocked the wing mirror, no damage done at all, worst thing that could‚Äôve happened is the mirror got pushed in slightly, but as I walked past this man jumps out of the van and shouts at me: ‚Äúoi you c*nt, watch where you‚Äôre walking‚Äù I apologise as I acknowledge my drunken clumsiness, but realise in his haste to shout at me, for next to nothing, his phone flies out of his van and lands on the floor, promptly smashing. I walk away laughing to myself. Am I the bad guy, or is he just getting his karma for overreacting so much?",https://www.reddit.com/r/CasualUK/comments/c8bo8l/just_drunkenly_walked_past_a_van_and_slightly/,1562086638.0,51,0.89,14,CasualUK,Dazed_And_MoreBooze
c8b7iq,What have the Romans ever done for us?,,https://i.redd.it/ps4mq5ta1x731.jpg,1562084367.0,56,0.91,38,CasualUK,gruff2001
c8b0k6,Hadrian's Wall on a lovely day,,https://i.imgur.com/AtF8p52.jpg,1562083422.0,255,0.99,18,CasualUK,ntzm_
c8asnk,Giant Weetabix.,,https://i.redd.it/dz9pqrt8vw731.jpg,1562082330.0,2373,0.99,68,CasualUK,[deleted]
c8ag9a,How many of you have plastic Chinese food containers in your cupboards right now?,"How many do you have? 

My boyfriend (who isn‚Äôt from this country) just discovered that they‚Äôre useful because you can put them in the microwave and I explained that most people have at least 5 in their cupboards at home for this very reason.",https://www.reddit.com/r/CasualUK/comments/c8ag9a/how_many_of_you_have_plastic_chinese_food/,1562080599.0,63,0.94,38,CasualUK,Soundasleepx
c8afro,Someone's been to Bute on their holidays...,,https://i.redd.it/z414hz69cr731.jpg,1562080531.0,71,0.93,3,CasualUK,-AllStar-
c8acid,"Caught my baby giving me the two finger salute, AKA ‚Äúoi mum piss off putting that camera in my face‚Äù",,https://i.redd.it/9b2g2faiow731.jpg,1562080064.0,254,0.9,10,CasualUK,aishaateam
c8a3vb,"Took a few years ago, who said Scunthorpe wasn‚Äôt classy",,https://i.redd.it/stpa006xkw731.jpg,1562078856.0,61,0.96,7,CasualUK,constantly-depressed
c89yg8,Cracks me up everytime I see it,,https://i.redd.it/48f78ibjiw731.jpg,1562078075.0,162,0.97,5,CasualUK,gastn1
c89vpi,Not all heros wear capes. Well done ladies.,,https://i.redd.it/yccgv4bahw731.jpg,1562077681.0,3796,0.98,113,CasualUK,ThebigDTdestroyer
c89dvm,Close encounter with some swans while waiting for the bus.,,https://i.redd.it/a2mix4ef9w731.jpg,1562074994.0,92,0.98,26,CasualUK,sparksqueen
c88lud,The original fake news!,[deleted],https://i.redd.it/tk1zxsu7vv731.jpg,1562070324.0,61,0.97,9,CasualUK,[deleted]
c88dcp,A beggar runs alongside a carriage transporting King George V,,https://i.redd.it/zof80ce1rv731.jpg,1562068813.0,159,1.0,20,CasualUK,danger0usd1sc0
c88bis,"Casual, UK. Rediscovered in a bottom drawer.",,https://i.redd.it/110f5lkkpv731.jpg,1562068457.0,253,0.95,34,CasualUK,Gone_Gary_T
c88b6b,Never seen a quadruple hyphenated Street name before... Can anyone beat this?,,https://i.redd.it/n3gij30lpv731.jpg,1562068401.0,243,0.99,53,CasualUK,Slanderous
c889uf,Best way to start the day! Quintuple-Sausage and Egg McMuffin.,,https://i.redd.it/52hkmfc3pv731.jpg,1562068155.0,145,0.91,78,CasualUK,charleytanx2
c88545,My custom poster finally arrived,[deleted],https://i.redd.it/xjqrhi18mv731.jpg,1562067194.0,66,0.88,26,CasualUK,[deleted]
c87tse,Turns out The Stranglers are immortals.,,https://imgur.com/7gte7hB.jpg,1562064898.0,85,0.99,15,CasualUK,flaneur_et_branleur
c87tp0,Spotted at Pooley Bridge,,https://i.imgur.com/RXoPhYY.jpg,1562064876.0,294,0.99,38,CasualUK,bluetyonaquackcandle
c87s90,"RIP Hetty, drowned but not forgotten",,https://i.redd.it/svdwzb2gev731.jpg,1562064572.0,74,0.96,11,CasualUK,Arrggee
c87r64,Just your average morning out on the penny-farthing.,,https://i.redd.it/rmatnu9tdv731.jpg,1562064360.0,76,0.95,15,CasualUK,The_Real_JT
c87pos,"My bastard cat brought fleas into my flat, Amazon has a pretty extreme suggestion to get rid of them.",,https://imgur.com/HyZvhcj,1562064062.0,328,0.99,33,CasualUK,Carnieus
c87l0a,It‚Äôs the truth...,,https://i.redd.it/5ctgcbm3av731.jpg,1562063109.0,108,0.77,113,CasualUK,MambaWhite
c875cp,Anyone else have a ‚Äúhometown chat‚Äù Facebook group?,,https://i.imgur.com/dGkuarT.jpg,1562059773.0,78,0.98,28,CasualUK,TaraAshleyMxox
c873tf,"My Jammy Dodger was made with two holes, suffice to say my heart is broken",,https://i.redd.it/xc76vtu5zu731.jpg,1562059432.0,116,0.97,23,CasualUK,AmarantheSR
c86wkc,For 3 months in 2008 it was possible to cheat on Deal or No Deal.,,https://youtu.be/VNqfaR189M4,1562057816.0,67,0.95,5,CasualUK,james_-young
c86tnt,having a completely normal one on the northern line this morning lads,,https://i.redd.it/nlz5cnmdsu731.jpg,1562057152.0,127,0.96,41,CasualUK,sleenies
c86sm3,Interesting choice of photo...,,https://i.redd.it/1ajak3foru731.jpg,1562056914.0,170,0.99,54,CasualUK,buzzlightyear999
c86kzp,Seen on the train today.,,https://i.redd.it/jluhhq93mu731.jpg,1562055039.0,77,0.83,22,CasualUK,BalliStiX-G
c85y50,The bouquet residence!,,https://i.redd.it/gz4lf4ub7u731.jpg,1562050071.0,25149,0.92,801,CasualUK,shamfy
c85bj8,Tempting,,https://i.redd.it/wjbs1yhitt731.jpg,1562045426.0,977,0.99,36,CasualUK,millsytime
c8530x,Aren‚Äôt these pre-school projects supposed to come home to die? What the hell do I do next?,,https://i.redd.it/cxvghankot731.jpg,1562043781.0,94,0.98,36,CasualUK,reWindTheFrog
c81i7a,Had a blast visiting my SO in England for the first time. Thank you r/CasualUK for keeping it relevant. I learned so much about your culture. Until next time üçª Cheers!,,https://i.redd.it/fnvhelhcwr731.jpg,1562022227.0,307,0.95,100,CasualUK,Ravenima
c80p4s,My brother is a fucking animal.,,https://i.redd.it/9jcka6msjr731.jpg,1562017942.0,85,0.97,21,CasualUK,juddzilla69
c80a9k,Look! Another landscape photo. This time its tje Pen Y Fan and Corn du view from Brecon.,,https://i.redd.it/2y9njhoidr731.jpg,1562015834.0,58,0.98,0,CasualUK,wobblyforester
c7zuxp,Liverpool skyline,,https://i.redd.it/qxv9g77b7r731.jpg,1562013746.0,100,0.95,11,CasualUK,hurricane_97
c7zt4x,"BBC has been in colour for 50 years. Here‚Äôs the first ident in colour, from 1969!",,https://i.redd.it/v1to4mwk6r731.jpg,1562013498.0,90,0.99,12,CasualUK,thesweetescape101
c7zfbk,"You are never far from history in the UK. (Image not mine but from Twitter, but I thought it should be seen here)",,https://i.redd.it/szpzsfn21r731.jpg,1562011647.0,878,0.98,29,CasualUK,gobber262
c7za83,Took this on the way to do scafell pike the other day.,,https://i.imgur.com/VpxFErg.jpg,1562010993.0,150,0.96,7,CasualUK,food_is_heaven
c7wc3l,"When your mum is on a night out, but she can‚Äôt remember if she turned the iron off or not #TheCure #Glastonbury2019 #Glasto",,https://v.redd.it/eolyt3nm8q731,1562002148.0,183,0.96,25,CasualUK,johnguyart
c7vp3a,British related conspiracy theories: Go.,I believe that Banksy is Damon Albarn.,https://www.reddit.com/r/CasualUK/comments/c7vp3a/british_related_conspiracy_theories_go/,1562000305.0,87,0.93,289,CasualUK,[deleted]
c7v1n2,"In the middle of beautiful one forest, someone has left hundreds of nitrous canisters, beer cans, drugs bags. Not bothered by people getting high. In this same spot in the 90s we used to do mushrooms and smoke weed, but we didn't leave it all behind..",,https://i.redd.it/k7whqwxpxp731.jpg,1561998416.0,87,0.97,21,CasualUK,allthekos
c7uzcw,What childhood dreams were made of !,,https://i.redd.it/26nqksq5xp731.jpg,1561998230.0,382,0.97,38,CasualUK,Msadetoro
c7uhis,Poppy field in Wiltshire this Saturday,,https://i.redd.it/wxkfycggmp731.jpg,1561996776.0,75,0.98,1,CasualUK,HotDamnThatsMyJam
c7u5xk,"Off to Ibiza, no one told me there was a dress code",,https://i.redd.it/l0j31fm6qp731.jpg,1561995881.0,269,0.96,33,CasualUK,f1l1i1c
c7te4d,My Mum's garden this weekend,,https://i.redd.it/78fa57ftep731.jpg,1561992109.0,129,0.99,13,CasualUK,momerathe
c7tb46,"""British cuisine doesn't exis..""",,https://i.redd.it/43xro5ajdp731.jpg,1561991684.0,1992,0.98,59,CasualUK,StereoAudio
c7szcp,Those Sports Direct mugs are getting out of hand,,https://i.redd.it/qcdxkhbh8p731.jpg,1561989926.0,400,0.99,12,CasualUK,buckwheatbrag
c7shum,casual cornwall,,https://i.redd.it/t176cbbl0p731.jpg,1561987272.0,179,0.98,13,CasualUK,a_big_bee
c7se8k,Well do you?,,https://i.redd.it/ol1wpavwyo731.jpg,1561986706.0,153,0.96,23,CasualUK,bubba2000art
c7s74b,How me and my mates spent Saturday in the glorious sunshine,[deleted],https://i.imgur.com/CosEBbe.jpg,1561985522.0,55,0.96,18,CasualUK,[deleted]
c7rqh9,"Well, I was looking forward to a poached egg but I think I'll puke instead.",[deleted],https://i.redd.it/w78ab7hvmo731.jpg,1561982660.0,61,0.93,35,CasualUK,[deleted]
c7rpu9,"Fred gambles, don't be Fred",,https://i.redd.it/o5fabzmjmo731.jpg,1561982550.0,84,0.97,5,CasualUK,bazjeffo
c7ri4a,The name of this Leeds based duet,,https://imgur.com/8sqSEMp,1561981106.0,16149,0.94,216,CasualUK,YouShouldntSmoke
c7rbrc,"I'm not very good at appreciating art, so this thing that's popped in Albert Dock, Liverpool has, sadly, done nothing for me.",,https://i.redd.it/0ekbmvpgeo731.jpg,1561979880.0,328,0.97,137,CasualUK,withoutmotive
c7r2pi,Memories of the bestest Doctor,,https://i.redd.it/fsdy1wn59o731.jpg,1561978065.0,162,0.97,16,CasualUK,vbloke
c7qnzf,Are we still posting fancy pics. Took this last weekend at top of Ben Nevis while doing Three Peaks Challenge like every other daft twat atm.,,https://i.redd.it/0tv0drqrzn731.jpg,1561974889.0,286,0.97,55,CasualUK,BabisPotatis
c7qa57,Rescued this gorgeous lady from being eaten by a cat.,,https://i.redd.it/34br1jueqn731.jpg,1561971780.0,2748,0.97,157,CasualUK,dronebox
c7q4z4,"I've never sat down to watch Brass Eye, Paedogeddon is absolutely killing me here, what an incredible show",[deleted],http://www.youtube.com/watch?v=RcU7FaEEzNU,1561970546.0,200,0.98,111,CasualUK,[deleted]
c7ka6e,"Oh england, you beautiful, weird country...",,https://i.redd.it/s9a56z8dhk731.jpg,1561932389.0,537,0.97,36,CasualUK,spacehopper47
c7jxsr,"Kettle Chips new ""feta and olive"" flavour is merely cheese and onion in disguise. Can't believe I fell for it.",,https://www.reddit.com/r/CasualUK/comments/c7jxsr/kettle_chips_new_feta_and_olive_flavour_is_merely/,1561930581.0,57,0.89,20,CasualUK,Dutch-man
c7ilro,Dorset can be awfully pretty sometimes,,https://i.redd.it/69txrdugrj731.jpg,1561923678.0,412,0.98,30,CasualUK,TalVerrar
c7ic3b,"If you spotted this purple army out in London today, we were out raising money and awareness for Kidney Research UK.",,https://i.redd.it/mpuqie39nj731.jpg,1561922251.0,112,0.95,7,CasualUK,Easytype
c7i93g,Sharp edge on route to the summit of Blencathra yesterday. It was boiling but worth every minute.,,https://i.redd.it/iq1cy6cwlj731.jpg,1561921813.0,273,0.98,12,CasualUK,ElPapaDiablo
c7hwe0,Living the dream.,,https://i.redd.it/v5bln20egj731.jpg,1561919944.0,77,0.88,20,CasualUK,cained_n_able
c7ht91,Had Marmite yeast extract for the first time in my life. I have a couple of questions.,"I'm a foreigner in London and decided to immerse myself into British culture. Bought Marmite from Sainsburry's and tried it with some bread. My follow-up questions are:

\- Do people eat it voluntarily?

\- Is it used for torture?",https://www.reddit.com/r/CasualUK/comments/c7ht91/had_marmite_yeast_extract_for_the_first_time_in/,1561919472.0,120,0.94,131,CasualUK,carbondash
c7hmfe,Lads in Bristol throw a rave from their bedroom window. Only in the uk.,[deleted],https://v.redd.it/z0luleevbj731,1561918462.0,108,0.9,36,CasualUK,[deleted]
c7h133,National treasure Frank Sidebottom Fridge Magnet.,,https://imgur.com/YADmNyO,1561915316.0,52,0.84,19,CasualUK,chilejon
c7h0lm,The flying Scotsman passing yesterday from chesterfield to York,,https://v.redd.it/arhteis02j731,1561915243.0,207,0.98,19,CasualUK,sam-major
c7g3c9,Out in the poppy fields near the safari park today,,https://i.imgur.com/aAhXIUM.jpg,1561910235.0,83,0.97,5,CasualUK,giingey
c7fqkw,Me and me Mum and me Dad and me Gran and a bucket of,,https://i.redd.it/zxkhcpknhi731.jpg,1561908264.0,231,0.98,13,CasualUK,Deckardisthething
c7ek5d,Sticking two of these guys in the fridge with their backs together. The biggest lie ever to hid school kids across the entire country.,,https://i.redd.it/gfb7jb875i731.jpg,1561904073.0,354,0.96,54,CasualUK,JPenguinCushion
c7ej6z,First legal pint in the pub. Time to talk pish,,https://i.redd.it/tyf69svw4i731.jpg,1561903977.0,657,0.93,125,CasualUK,isntspacecool
c7e9gf,Dug out some retro VHS classics.,,https://i.redd.it/8r4mmc542i731.jpg,1561903037.0,250,0.98,114,CasualUK,Zzzapper94
c7e4nr,Found on the bathroom wall of a restaurant near me in Edinburgh:,,https://i.redd.it/v4xf498o0i731.jpg,1561902550.0,244,0.98,11,CasualUK,SwilPhift
c7dycf,Found this beauty in my shed today,,https://i.redd.it/uz7v1rzsyh731.jpg,1561901925.0,99,0.97,45,CasualUK,deceasednine
c7dr7b,"Improvise, adapt, overcome.",,https://i.redd.it/zjhl9xjnwh731.jpg,1561901213.0,63,0.94,15,CasualUK,RosieEmily
c7cyub,"5am, couldn't sleep. 6am, had a McBreakfast. 7am, cycled to the top of Goodwood Hill. I love this country sometimes:)",,https://i.redd.it/7rds1gqbnh731.jpg,1561898244.0,71,0.87,3,CasualUK,Techgeekout
c7c0kq,Stumbled upon a forgotten relic this morning...,,https://i.redd.it/ysc4lgbfah731.jpg,1561893734.0,7041,0.98,232,CasualUK,tamemybrain
c7bzcf,Got taken out for a posh birthday breakfast. The beans came in a gravvy boat!,[deleted],https://i.redd.it/93asrjin9h731.jpg,1561893463.0,169,0.95,59,CasualUK,[deleted]
c7bn1f,Sat in London Euston playing spot the American,,https://i.redd.it/lqbyv0uu0h731.jpg,1561890510.0,306,0.93,112,CasualUK,FluxxCraft
c7bghh,Toilet graffiti is getting brutal in spoons,,https://imgur.com/XmPCRDk,1561888787.0,405,0.95,18,CasualUK,lukas_maximus
c7bcul,A very British burglary,"Despite this actually being a pretty serious/terrifying issue at heart, I feel like this whole adventure is British enough to share here...

&amp;#x200B;

Last night I was lying in bed, minding my own business and trying to fall asleep. At about 12:30 I heard my door open. At first I thought it was my ex coming back to collect some of her stuff, so I prepared myself to go give her a bollocking for coming into my house at midnight without warning. I went downstairs, fight-or-flight response already heavily engaged in fight given I'd decided I was going to do a bit of yelling.

&amp;#x200B;

Instead of encountering the 4'11 woman I was expecting, I instead saw some 5'8(ish) bloke in a hoodie and multiple bags slung over his shoulder casually walking out my back door as if he belongs there. Naturally surprised, I shouted ""oi"", upon which he bolted out into the garden. It's important to note here that a) my next act was incredibly stupid\*, and b) as previously mentioned, my fight-or-flight was already heavily weighted towards the former.... so I chased him. Out the garden, through the back alley, out onto the street and then around the corner. Given I was not 2 minutes ago cuddled up in bed, I was only wearing my boxers (they're blue, with wolves on them, if anyone is wondering) and was thoroughly unprepared for a 300m sprint.

&amp;#x200B;

Anyway, I guess being chased by an angry (almost)naked man in the dark scared this chap more than one would expect, and he dived into someone's front garden, abandoning his multiple bags on the turf and crawling beneath a bush. I picked up his bags, told him to fuck off, and walked home.

&amp;#x200B;

Upon my return home, I emptied out the bags to recover my presumably nicked items, and prepared myself a succession of drinks using aforementioned ex's alcohol. When I went to inspect the contents, I discovered that the poor guy hadn't had time to steal anything of mine. He'd gotten as far as unplugging the PlayStation before I came downstairs, and his bags were filled with the following items:

&amp;#x200B;

3x DvDs (8mm, Transporter 3 and Hot Tub Time Machine)

1x Open packet of Sainsbury's lightly salted tortillas

1x unsealed pot of Sainsbury's mild salsa

1x Stanley knife

3 Newspapers

1x packet of Piriteze anti-histamines

Multiple assorted chocolate bars

&amp;#x200B;

So in the end, I essentially robbed my burglar. If you're on here, random burglar guy from Eastbourne, I have your shit. I'll happily give it back to you because most of it smells weird anyway. Sorry for robbing you, I guess.

&amp;#x200B;

\*Reasons for it being incredibly stupid

1) he could have been armed (and was, just in his bag)

2) I just ran off leaving my back door open, so that wasn't smart

3) He could have had mates waiting outside

4) Most importantly - my kids were asleep upstairs. Big no-no, feeling very bad about that one.

&amp;#x200B;

TL;DR: man rob house? house rob man.",https://www.reddit.com/r/CasualUK/comments/c7bcul/a_very_british_burglary/,1561887788.0,3011,0.99,274,CasualUK,MrBriney
c7bcoi,Why is sky this colour,[deleted],https://i.redd.it/epxv311nsg731.jpg,1561887741.0,79,0.9,19,CasualUK,[deleted]
c7awj5,"Bought beans for breakfast, turned out I got sausageybeans by accident. I regret nothing.",,https://i.redd.it/w4p53425gg731.jpg,1561883539.0,4792,0.97,270,CasualUK,lilSalty
c7aw9q,One of those subtle clues that let me know that I live on a shithole estate.,,http://i.imgur.com/PAPBHYj.jpg,1561883473.0,1319,0.99,65,CasualUK,MarkEasty
c7anly,"Glastonbury Festival 2019, one to remember.",,https://i.redd.it/kimvh5m89g731.jpg,1561881224.0,68,0.84,24,CasualUK,Somethingfishy_92
c7amlo,Just realised why I enjoy Tetris so much,,https://i.redd.it/ie30ikul8g731.jpg,1561881006.0,158,0.95,13,CasualUK,Johnpaul_mac
c7akyj,1983: when teenage rock band logos were important. And a bit rubbish. Found this in my ‚Äòtuck box‚Äô and fondly remembering how I fronted one of these singing whilst playing two keyboards. And wearing face paint. And doing a Gary Numan prog rock cover to boot (shiver).,,https://i.redd.it/lkb0te9f7g731.jpg,1561880607.0,62,0.92,11,CasualUK,OCPEoireitum
c7ac31,Google loves the royal family I guess,,https://i.redd.it/da16o9va1g731.jpg,1561878548.0,58,0.91,2,CasualUK,MrBrokenHands
c7abdy,"‚ÄúBirdman of Devon‚Äù, met in Bristol. Anyone else met this guy? How many people have chickens on their wheelchairs? He was a very wholesome guy",,https://i.redd.it/6qdsvaou0g731.jpg,1561878400.0,326,0.98,22,CasualUK,killamillazilla
c7a16c,I am getting married today,"That's it ü§£ nothing more just duper fucking chuffed to be getting married, and not yesterday cause it would have all melted

I'm super happy to be marrying my soul mate. 


Edit 
Thanks for the gold and silver! 

I'm trying to reply to everyone personally but it's got rather busy in here so thank you all it means the world to us.  Now at venue having a pepsi and being dragged left and right to sort things lol



Edit again

Wow platinums thank you so much!!! 

I'm married!!! Recorded my heart rate during the ceremony it tanked lol [heart rate](https://i.imgur.com/T5CdE6D.jpg) 


Thank you all for the amazing touching words! 

Love the new Mr and Mrs exalyte



Edit edit edit 

2:35am

Opening presents relaxing with some bubbles, kept the booze level low enough to you know what 


A huge thank you to everyone!",https://www.reddit.com/r/CasualUK/comments/c7a16c/i_am_getting_married_today/,1561876062.0,4549,0.9,279,CasualUK,Exalyte
c766hi,I've just become a father!!,"Just so ecstatic I have to let the world know, my beautiful baby girl was born at 10:30pm weighing 8lb 9oz.

Have a splendid week everyone",https://www.reddit.com/r/CasualUK/comments/c766hi/ive_just_become_a_father/,1561851076.0,246,0.86,61,CasualUK,[deleted]
c761fu,"Drunk guy makes his own shortcut, scrapes nuts and takes it out on my fence. Found him via social media and he's offered to pay for and fix it.",,https://v.redd.it/5l8qaawnod731,1561850264.0,61,0.92,17,CasualUK,wickman69
c75dsl,Got the wrong ticket and ended in Folkestone,,https://i.redd.it/ncn175x9ed731.jpg,1561846597.0,61,0.95,8,CasualUK,panpampand
c756s8,Dear The Killers,"
Headlining Glastonbury twice is a massive achievement but please rest assure that your biggest accomplishment will be helping the likes of me and fellow Wedding DJs make a living when you wrote Mr Brightside and allowed us to still floor fill with it for over 15 years. Hats off to you, if I was opening the buffet, we'd allow you first dibs",https://www.reddit.com/r/CasualUK/comments/c756s8/dear_the_killers/,1561845539.0,112,0.96,41,CasualUK,die4codgrimsby
c751hi,"Just arrived in Crete and tried to order a takeaway online, Google translate at its finest",,https://i.redd.it/g8rp3f2q8d731.jpg,1561844733.0,57,0.95,10,CasualUK,ghostl2
c74c8k,"My favourite thing to do in the favourite place! Wain Wath Force, Yorkshire Dales",,https://v.redd.it/d6mztt58xc731,1561840987.0,71,0.96,17,CasualUK,[deleted]
c7493e,England is awfully pretty sometimes,,https://i.redd.it/k169obl8wc731.jpg,1561840536.0,9035,0.98,178,CasualUK,mattrar
c746ko,I volunteer as a host for tea parties for local older people. Ran up some bunting to decorate the house for the next one. Feeling oddly festive.,[deleted],https://i.redd.it/64lv4oi4vc731.jpg,1561840151.0,77,0.98,6,CasualUK,[deleted]
c73x8d,Every orange dot is a lightning strike to ground in the last two hours,,https://imgur.com/jpI7qQ1,1561838783.0,132,0.99,18,CasualUK,haveyouseenmywetsuit
c734fw,I love Wales.,,https://i.redd.it/f8iv1fpnec731.jpg,1561834631.0,163,0.97,5,CasualUK,TheSilverCube
c72szl,Dog-friendly pubs are the best thing ever.,,https://i.redd.it/vtgq0fdu9c731.jpg,1561832995.0,7424,0.94,212,CasualUK,JAOO97
c72rwe,Eye eye captain,,https://i.redd.it/hwn7ha0e9c731.jpg,1561832840.0,169,0.96,23,CasualUK,cup-of-tea-76
c72hs3,You know it‚Äôs hot when even the dog starts to melt.,,https://i.redd.it/rv6tjgn55c731.jpg,1561831419.0,1065,0.98,17,CasualUK,Suttyjnr
c71ro8,"Fuck it fellas, who's coming with... I'll bring the strongbow dark fruits",,https://i.redd.it/284trv3eub731.jpg,1561827796.0,74,0.93,3,CasualUK,[deleted]
c70i57,"I got this weird pound in my change, is it a rare one? How much should I put as the starting bid on ebay?",,https://i.redd.it/cp4audqdhb731.jpg,1561823422.0,96,0.96,13,CasualUK,st0rmforce
c6zdew,The highlands are seriously breathtaking. Never woken up to such a great view before.,,https://imgur.com/cGn868p.jpg,1561817344.0,57,0.94,1,CasualUK,26326312
c6z5ul,"It'll be ready in about 20 mins. Bring your own beer lads, see you all soon.",,https://imgur.com/pLI6ZrY,1561816165.0,729,0.94,42,CasualUK,JoanneKerlot
c6yfgp,Big Willy at Weymouth‚Äôs Sausage Factory,,https://i.imgur.com/8265KMg.jpg,1561811614.0,65,0.95,7,CasualUK,Sharktopus_
c6yew2,@ Gym | Someone's reaction after 3 days of cold water,,https://i.redd.it/dvy9rh9xha731.jpg,1561811508.0,192,0.99,18,CasualUK,anarchytect-uk
c6y6g5,The absolute excitement of receiving one of these through the post as a kid,,https://i.redd.it/o7w9piw5da731.jpg,1561809896.0,143,0.97,27,CasualUK,hts18
c6xy4n,"Some people like to be admired, some people like to be complemented, and some people like to be...",,https://i.imgur.com/dwAMqJZ.jpg,1561808241.0,87,0.94,1,CasualUK,panicky_in_the_uk
c6xn2l,fucked it,,https://i.redd.it/twlw3wlf1a731.jpg,1561805964.0,662,1.0,58,CasualUK,the_quiet_life
c6xarp,Proper British beach day,,https://i.redd.it/9ezvxitqt9731.jpg,1561803374.0,144,0.99,25,CasualUK,wilof
c6wwsj,Absolute mad lad,,https://imgur.com/Q0CrLsq.jpg,1561800398.0,90,0.95,9,CasualUK,[deleted]
c6woza,A lot of families struggle to feed their kids during the summer holidays when school meals aren't available. A local charity and church are offering all families with kids at local schools all they need to be able to make lunch with drinks every week over the holiday.,,https://i.imgur.com/khF7hND.jpg,1561798695.0,143,0.97,25,CasualUK,richh00
c6wiah,Glastonbury... disappointed when it was actually the Wombats,,https://i.imgur.com/tVVKxIM.jpg,1561797167.0,119,0.97,12,CasualUK,duudass
c6w5jm,Nan doing her best to help out the community,,https://i.redd.it/m9x05ek039731.jpg,1561794376.0,169,0.94,36,CasualUK,82brighteyes
c6w1pt,Conversation I heard this morning...,"""I don't know what I'm doing""
""Just slip it in there""
""It just pops in!""
""Yup just like that""
""Oh that was quick!""

Between an old lady and a train station barrier guard.

ü§£üòÇü§£üòÇü§£",https://www.reddit.com/r/CasualUK/comments/c6w1pt/conversation_i_heard_this_morning/,1561793601.0,63,0.92,7,CasualUK,Memphit
c6vt4o,"After the Peter Rabbit coin thread the other day, I'd like to thank u/jnlh93 for sending me Jemima Puddle Duck to complete my collection, you are truly amazing!",,https://i.redd.it/8qy3fhwjv8731.jpg,1561791879.0,257,0.98,29,CasualUK,[deleted]
c6vf0a,"After an all night drive to Cornwall, finally settled down with some kippers and a cuppa",,https://i.redd.it/z68kzv3um8731.jpg,1561788937.0,169,0.94,38,CasualUK,Nollie_Faceplant
c6v0mr,"Hong Kong Marks &amp; Spencer, quality cakes",[deleted],https://i.redd.it/qlnaxv6ge8731.jpg,1561786117.0,172,0.96,16,CasualUK,[deleted]
c6qgbx,Just studying for my British citizenship exam,,https://i.redd.it/jevevbqd76731.jpg,1561759525.0,112,0.98,5,CasualUK,OneTonneWantenWonton
c6px48,"Accidental renaissance, London edition.",,https://imgur.com/gYiSjEn,1561756868.0,96,0.93,6,CasualUK,russmatuss
c6pa3q,Boots has the right idea...,,https://i.redd.it/n9smh18gq5731.jpg,1561753836.0,1622,0.99,49,CasualUK,Troglodytee
c6o9wu,Countdown...,[deleted],https://v.redd.it/rhixomk4b5731,1561749026.0,173,0.97,12,CasualUK,[deleted]
c6nzrb,"My office's idea of a buffet. No sandwiches, no frills, just pure diabetes.",,https://i.redd.it/hf3ousy585731.jpg,1561747682.0,1312,0.99,86,CasualUK,16stratus
c6nsij,Graduated with a 2:1! I am now a master of chemical engineering! [Reposting as personal information was visible],,https://i.redd.it/uhxtnsz955731.jpg,1561746709.0,100,0.8,37,CasualUK,SamLotay97
c6mlit,"FOCKIN RICH LADS, HEAT WAVE SPOONS ON ME",,https://i.redd.it/vv0tfklzn4731.jpg,1561740896.0,134,0.95,26,CasualUK,helpmytonguehurts
c6lynn,Pets at Home making their feelings about bread products known,,https://i.redd.it/hit46imce4731.jpg,1561737770.0,75,0.94,3,CasualUK,SparkleWildfire
c6luh8,"Lads, they do not sell drugs.",,https://i.redd.it/23ptokyzc4731.jpg,1561737201.0,91,0.96,9,CasualUK,iTomWright
c6lldy,Only in Stockport,,https://i.redd.it/gm9no89994731.jpg,1561735942.0,92,0.98,6,CasualUK,PrettyUnimaginative
c6l0an,Spotted this absolute gem and I have been chuckling about it ever since.,,https://i.redd.it/hqcejo4c04731.jpg,1561732941.0,164,0.98,8,CasualUK,StickyBandits101
c6khr8,My housemate is an Architect. He designed this bridge in Tintagel (Cornwall) and is overseeing the construction.,[deleted],https://imgur.com/U4bQtZH,1561730166.0,117,0.97,55,CasualUK,[deleted]
c6jo9c,When ever I go to London,,https://i.redd.it/s257cntrd3731.jpg,1561725352.0,1733,0.99,155,CasualUK,Regangibson212
c6jmry,This time last year I was in sunny Whitby. Sigh.,,https://i.redd.it/mo0u4pe0d3731.jpg,1561725096.0,53,0.95,4,CasualUK,phlopip
c6jer1,Who wants a cuppa?,,https://i.redd.it/u7ojj5ap83731.jpg,1561723662.0,56,0.95,6,CasualUK,Diffleroo
c6j6wn,PSA - Reminder that we should take this wonderful opportunity to eat our Gregg's outside today,,https://i.redd.it/x5f8fi4j43731.jpg,1561722253.0,134,0.95,20,CasualUK,Rabkillz
c6j1v7,"Just downloaded an app from the Woodland Trust and excited to get out in the sun this weekend and learn about trees. I guess my youth‚Äôs over, then.",[deleted],https://i.redd.it/loftr0bn13731.jpg,1561721279.0,163,0.97,41,CasualUK,[deleted]
c6ikbg,DP bastarding D! The chat bot pretends to be a person! Turns out they‚Äôd gone to the wrong address!,,https://i.redd.it/jacctybwq2731.jpg,1561717660.0,48,0.9,14,CasualUK,ongobay
c6iavj,finest.jpg,,https://imgur.com/6zonjoI,1561715635.0,16506,0.96,333,CasualUK,phase_9
c6i6u9,"Had a weird wave of nostalgia today, anyone remember these smelly bois?",,https://i.redd.it/h2g0x9d9i2731.jpg,1561714755.0,376,0.96,43,CasualUK,[deleted]
c6hnen,Shoutout to all my hay fever / pollen sufferers,"This week I‚Äôve been analysing eye balls under a microscope with pollen in different conditions and what it does to the eye and sinuses.

Thought I‚Äôd share my preventative measures 

My top tips

-Wear sunglasses whilst outside (or inside as well if you‚Äôre feeling a bit Rock n roll) Wrap around glasses seem to be the most effective 

-Stay hydrated 

- apply a thin layer of Vaseline around the nostrils (this prevents pollen going up the nose)

- take an antihistamine 

-shower once you‚Äôve been outside 

-wash your clothes and dry them inside 

-Close the doors and windows

Good luck üòÅ",https://www.reddit.com/r/CasualUK/comments/c6hnen/shoutout_to_all_my_hay_fever_pollen_sufferers/,1561710140.0,76,0.97,42,CasualUK,Kingkunta87
c6hhvw,Sounds reasonable,,https://i.redd.it/q2j13htn02731.jpg,1561708836.0,65,0.96,8,CasualUK,Jack_yyyy
c6hfje,Grabbing a cold one with the bees (York 27.6.19),,https://i.redd.it/df9ob722z1731.jpg,1561708299.0,718,0.99,78,CasualUK,RazeBlods
c6hdae,The way this kid looks at Sir David Beckham. \0/ Last night Eng V Nor,,https://i.redd.it/o5yax45hx1731.jpg,1561707791.0,119,0.94,23,CasualUK,RB9k
c6h9l1,Today is Friday and Friday is butty day.,,https://i.redd.it/o83a3vl5v1731.jpg,1561706984.0,95,0.89,27,CasualUK,Primique
c6gypv,Thanks East Midlands trains!,,https://imgur.com/OUj9y0H,1561704782.0,191,0.93,9,CasualUK,adamlc
c6fp73,Good morning from England‚Äôs highest point! (Scafell Pike),,https://i.redd.it/d5j5941py0731.jpg,1561696072.0,347,0.98,38,CasualUK,ArcticConvoy
c6blfd,My grannies neighbour (72) who recently lost her husband just went out and got herself this beast,,https://i.imgur.com/NlH2xhO.jpg,1561672308.0,776,0.99,30,CasualUK,_rubx
c6bfh0,"When the heatwave hits, you have to use anything you can",,https://i.redd.it/b0lde61jxy631.jpg,1561671466.0,63,0.94,12,CasualUK,musty_dothat
c6b6jf,"Well technically, he‚Äôs not wrong...",[deleted],https://i.redd.it/o1b9v2ztty631.jpg,1561670225.0,65,0.94,3,CasualUK,[deleted]
c6atsq,"Come on Tesco, have a little faith",,https://i.redd.it/b9019sguoy631.jpg,1561668550.0,63,0.95,3,CasualUK,Christofferoo
c6a9c0,After a week of being poorly and overworked the boyfriend said he‚Äôd make dinner. I‚Äôm so lucky.,[deleted],https://i.redd.it/jg08s63lgy631.jpg,1561665766.0,104,0.96,39,CasualUK,[deleted]
c69kmb,This was my main concern about Luigis Mansion 3 too,,https://i.redd.it/gd32n4tn6y631.jpg,1561662426.0,444,0.98,7,CasualUK,HumusGoose
c69kda,Friends 'Got Your Back' (Somewhere in England),,https://v.redd.it/e5umh5sv5y631,1561662392.0,270,0.97,25,CasualUK,Larrydog
c69jyn,"This is not just any heart attack, it's an M&amp;S heart attack",,https://i.redd.it/ur9nsvzd6y631.jpg,1561662341.0,61,0.94,28,CasualUK,StardustOasis
c690ti,My pride and joy was stolen last night. Could the amazing uk community keep one eye open for this one of a kind bike.,,https://i.redd.it/2cggr9opyx631.jpg,1561659758.0,19741,0.95,544,CasualUK,eww79
c68fli,Best seat on SWR?,,https://i.redd.it/2pnpvoz0qx631.jpg,1561656849.0,209,0.98,22,CasualUK,Novawolfol
c68a8l,Americans attempt at an English Breakfast. Go easy...,,https://i.imgur.com/A5mtv3w.jpg,1561656120.0,368,0.93,233,CasualUK,BigDaddyKane91
c6833w,Obligatory photo of that bloody big name,[deleted],https://i.redd.it/rvu3wisskx631.jpg,1561655143.0,185,0.98,29,CasualUK,[deleted]
c67m9e,"....‚Äù and a face like Dot Cotton licking piss off a nettle.‚Äù Is my favourite quote, courtesy of Mr Malcom Tucker.",,https://www.reddit.com/r/CasualUK/comments/c67m9e/and_a_face_like_dot_cotton_licking_piss_off_a/,1561652883.0,65,0.98,10,CasualUK,twoshillings
c67kub,"What kind of ratio do you call this, Barratt's? At least I have plenty of bananas for scale...",,https://imgur.com/vHQS6bR,1561652680.0,154,0.99,21,CasualUK,Catachaos
c67f9n,My cunning plan to save a few quid on delivery charges by picking up my new decking in my car has just backfired :-(,,https://i.redd.it/kdy7uirrax631.jpg,1561651909.0,108,0.99,27,CasualUK,dronebox
c67a0o,"Being a Londoner, the Highlands have blown my mind, I'm in love. Picture: Loch Morlich",,https://i.redd.it/pif4sn749x631.jpg,1561651210.0,65,0.91,8,CasualUK,hairdyeginger
c677j8,My Tesco story.,[deleted],https://www.reddit.com/r/CasualUK/comments/c677j8/my_tesco_story/,1561650871.0,112,0.96,11,CasualUK,[deleted]
c66vvk,Son just asked if he could go to this...,,https://i.redd.it/np720fte3x631.jpg,1561649234.0,239,0.99,28,CasualUK,AveryBullocksBitch
c66m49,Just a reminder that this happened,[deleted],https://i.redd.it/ku6mbvugzw631.jpg,1561647900.0,172,0.92,11,CasualUK,[deleted]
c65pjc,"In the south the are now charging you to take rubbish to the council dump, it‚Äôs now more expensive to dump a bit plasterboard than it is to buy a brand new sheet of it...",,https://i.redd.it/q0sl08balw631.jpg,1561643155.0,65,0.97,53,CasualUK,duckface27
c65bcj,Climbed Ben Nevis to watch the sunrise this morning. Nothing like having the entire mountain to yourself.,,https://i.redd.it/6ci2u5cmew631.jpg,1561640890.0,217,0.99,13,CasualUK,MC936
c64nee,An email went around the office about an abundance of biscuits in the kitchen,,https://i.redd.it/wkgdtume2w631.jpg,1561636789.0,230,0.99,82,CasualUK,StardustOasis
c64mj3,Throw back to this time last year when the summer sun combined with England not embarrassing themselves in the World Cup led to so much beer consumption that the nations entire carbon dioxide supplies were nearly depleted.,Never been so simultaneously proud and concerned by a news story before.,https://www.reddit.com/r/CasualUK/comments/c64mj3/throw_back_to_this_time_last_year_when_the_summer/,1561636627.0,140,0.97,18,CasualUK,sonofaBilic
c64lpg,Duolingo doesn't speak Northern...,,https://imgur.com/1gYMHuJ,1561636467.0,184,0.95,15,CasualUK,Pink-socks
c63fr5,Can‚Äôt wait to see all the topless men around town today!,,https://i.redd.it/ldvlsoevbv631.jpg,1561627859.0,196,0.96,66,CasualUK,boobz4dayz420
c63ef9,Strange weather for Scotland. We had flooding in Edinburgh and now this.,,https://i.redd.it/1ihpkthyav631.jpg,1561627563.0,115,0.99,25,CasualUK,FatherDevito123
c63e4k,Remember Chupa Chups? This guy does. All too well...,,https://imgur.com/QIdxc4y,1561627500.0,373,0.96,19,CasualUK,Brock_And_Roll
c6398q,I tried to complete the Post Office choose your own adventure machine on Expert and got stuck. Any ideas?,,https://i.redd.it/qzwo215q7v631.jpg,1561626466.0,2312,0.99,129,CasualUK,Yachting-Mishaps
c62gsc,They‚Äôre onto us,,https://i.redd.it/23dakmjiou631.jpg,1561620006.0,7772,0.96,223,CasualUK,[deleted]
c62fye,Spotted a sneaky Ainsley,[deleted],https://i.redd.it/uemioj3znu631.jpg,1561619825.0,423,0.99,26,CasualUK,[deleted]
c62c15,"""Yes! It‚Äôs the season of huge groups of school kids in little yellow vests being herded onto the tube by sweating teachers."" A Twitter thread",,https://twitter.com/Joanna__Hardy/status/1143897993738895360,1561619026.0,159,0.98,20,CasualUK,sonicsilver427
c627mz,So which way do I go!?,,https://i.imgur.com/d4wSLLL.jpg,1561618156.0,2644,0.99,155,CasualUK,Al_Bee
c61rkx,My shower goes up to 11,,https://imgur.com/zhvsDxk,1561614933.0,218,0.93,36,CasualUK,OnePlayerReady
c61qpf,"What did you use, coin, stone, teeth or nails?",,https://i.redd.it/pdojp2s72t631.jpg,1561614756.0,80,0.91,51,CasualUK,odiedodie
c5yg71,The downpour in Edinburgh while I work in a warm bookshop.,,https://i.redd.it/5nc0s4m3ls631.jpg,1561594647.0,86,0.97,18,CasualUK,FatherDevito123
c5xr0o,This little fella grabbing a snack from the bin,,https://i.redd.it/40a1gppdas631.jpg,1561591037.0,61,0.96,8,CasualUK,shakakhannn
c5wt4d,Good to see google maps caring for horses privacy,,https://i.redd.it/obrrtrf1yr631.jpg,1561586888.0,183,1.0,11,CasualUK,SansXutWasTaken
c5wmdw,Handy guide. Agree?,,https://i.redd.it/t81pcmzpvr631.jpg,1561586106.0,242,0.92,117,CasualUK,vigilandy1
c5wjfb,flew home to a clear sky in belfast for the first time in my life today,,https://i.redd.it/ke4aq6knur631.jpg,1561585751.0,135,0.99,9,CasualUK,majorfan22
c5w16l,"The Beano, a national treasure.",,https://i.redd.it/l67sihkcor631.jpg,1561583626.0,2709,1.0,155,CasualUK,[deleted]
c5vvmh,Did you know we have puffins? And somehow these things can fly?,,https://i.redd.it/gkenvxhgmr631.jpg,1561582995.0,53,0.93,33,CasualUK,[deleted]
c5voit,I just wanted to buy a fan for the impending heatwave. Thought I‚Äôd check the questions and reviews. Super helpful.,,https://i.redd.it/c5yk2kp4kr631.jpg,1561582210.0,89,0.99,11,CasualUK,hardcoresugaraddict
c5v0gl,The Spice girls moved in next door,,https://i.redd.it/aov0h8f2cr631.jpg,1561579497.0,64,0.95,18,CasualUK,Shmuff52
c5unma,You know it‚Äôs a good day when you open the fridge and find these in there!,,https://i.redd.it/v4uxnsnr7r631.jpg,1561578050.0,78,0.89,40,CasualUK,nuttytrooper
c5thci,Lived in Norwich for 30 years. Only recently came across this....beauty? (Dereham road),[deleted],https://i.redd.it/mv3zisxytq631.jpg,1561573410.0,63,0.97,14,CasualUK,[deleted]
c5tav5,That comment...,,https://i.redd.it/0i3ctjetrq631.jpg,1561572686.0,20980,0.9,390,CasualUK,iblametheparents86
c5t8m2,Tesco is taking the piss with sausage rolls.,,https://i.redd.it/w38t2b33rq631.jpg,1561572440.0,68,0.97,22,CasualUK,Primique
c5sojg,You know job hunting sucks when you're ever so slightly grateful that someone took the time to tell you you've been rejected,[deleted],https://www.reddit.com/r/CasualUK/comments/c5sojg/you_know_job_hunting_sucks_when_youre_ever_so/,1561570113.0,881,0.99,87,CasualUK,[deleted]
c5sjbj,"Just a thought, what happened to 5 Alive? Loved that stuff as a kid",,https://i.redd.it/k717n2o4iq631.jpg,1561569429.0,66,0.99,42,CasualUK,hazzanad20
c5ql8i,Anyone know why these pigeons are so big?,,https://i.redd.it/vj3qhoelpp631.jpg,1561559846.0,297,0.97,55,CasualUK,anagoge
c5q3dv,Mowing the lawn in hayfever season,,https://i.redd.it/7qronaxshp631.jpg,1561557211.0,203,0.97,42,CasualUK,bottleofchip
c5pw0v,‚ÄúGimme that ‚ÄòLast Day of Year 11‚Äô look‚Äù,,https://i.redd.it/2pyhn7afep631.jpg,1561556078.0,4034,0.99,123,CasualUK,Fallenovergirl
c5psei,I guess someone really didn‚Äôt like their meal deal...,,https://i.redd.it/0y4fmkvqcp631.jpg,1561555517.0,179,0.99,30,CasualUK,Jon-Snerrr
c5pdp5,Some interesting weather ahead!,,https://v.redd.it/muzr5ptd5p631,1561553124.0,120,0.99,20,CasualUK,Rosskillington
c5pda0,My wife has the same instructions for me,,https://i.redd.it/x4usshof5p631.jpg,1561553054.0,147,0.99,3,CasualUK,leypb
c5p2c7,"Found a secret waiting room in Stansted, near gate 90-93!",,https://i.imgur.com/JbPibrc.jpg,1561551119.0,121,0.98,24,CasualUK,knotane
c5p0fj,Are you really in a UK supermarket if some rabble rouser hasn‚Äôt gone round doing this to all the coke multipacks?,,https://i.redd.it/o7uh7h5pyo631.jpg,1561550794.0,74,0.94,19,CasualUK,JonnyHowson
c5nsnz,Recycle plastic in selected stores of Tesco for money off (3 stores trialling first),,https://i.redd.it/if0slmwl8o631.jpg,1561542012.0,160,0.99,58,CasualUK,Ka1eigh
c5nqih,My favourite parts of Homes under the Hammer are all the times the sound guy plays a snippet of a song that somehow relates to the stuff they just said or did.,[deleted],https://www.reddit.com/r/CasualUK/comments/c5nqih/my_favourite_parts_of_homes_under_the_hammer_are/,1561541523.0,63,0.97,19,CasualUK,[deleted]
c5nka8,A new apprentice has joined who has two pot noodles for his breakfast each morning at his desk. Should I be proud or disgusted?,,https://www.reddit.com/r/CasualUK/comments/c5nka8/a_new_apprentice_has_joined_who_has_two_pot/,1561540157.0,54,0.93,70,CasualUK,CoyneDawg
c5n9px,Choo Choo Mother Fudger,,https://i.redd.it/53brznksvn631.png,1561537707.0,199,0.97,26,CasualUK,sonicsilver427
c5n9g4,I hope Waitrose priced this deliberately,,https://i.redd.it/mhgd3nglvn631.jpg,1561537637.0,3226,0.99,89,CasualUK,jmr85
c5ma7c,Scorchio!,,https://i.redd.it/ggo88yxr8n631.jpg,1561529964.0,14063,0.96,1299,CasualUK,[deleted]
c5krft,A great British eccentric: 'I've never had the wish to dress normally',,https://www.bbc.co.uk/news/av/uk-england-sussex-48757020/the-brighton-tailor-whose-identity-became-his-business,1561521413.0,264,0.99,94,CasualUK,vwlsmssng
c5ikpf,The Chase is an incredible show,[deleted],https://i.redd.it/x5zh022psk631.jpg,1561510552.0,154,0.97,4,CasualUK,[deleted]
c5f2wj,Suffolk - where even the bus stops have thatched roofs.,,https://i.redd.it/i9ikfmblfk631.jpg,1561495937.0,126,0.99,12,CasualUK,SantagetoutClause
c5et0f,Really sus pic of Angel Delight on Wikipedia,,https://imgur.com/1Yj39ch,1561494929.0,86,0.93,15,CasualUK,Harshipper88
c5ernv,Has anyone else been conditioned by the BBC to always stroke a 50p on the promise of a wish?,,https://i.redd.it/97hrjae6ck631.jpg,1561494788.0,115,0.92,26,CasualUK,liazzy
c5eecf,I give you the Colosseum of Newcastle,,https://i.redd.it/ldkbxst38k631.jpg,1561493418.0,59,0.94,10,CasualUK,darrenturn90
c5djz4,"Woman, 93, arrested as a dying wish after being ‚Äògood all her life‚Äô | Josie Birds said to have ‚Äòthoroughly enjoyed‚Äô gesture by Greater Manchester police",,https://www.theguardian.com/uk-news/2019/jun/25/woman-93-arrested-as-a-dying-wish-after-being-good-all-her-life,1561489949.0,100,0.94,23,CasualUK,BlankVerse
c5dj06,"Treated ourselves tonight to a fancy tapas meal, but the dessert was the best part. It‚Äôs an Eastern mess - pistachio ice cream, meringue, mixed berries and rose water/raspberry pur√©e!",,https://i.redd.it/tn7gwnpfxj631.jpg,1561489840.0,56,0.9,18,CasualUK,Bananafaceal
c5dhir,Well done to whoever got a goth to organise the summer. üëèüëèüëè,,https://i.imgur.com/Hp96zOP.jpg,1561489662.0,180,0.93,19,CasualUK,loudribs
c5chdg,"What is this, a ladder for ants?",,https://i.redd.it/9oo4b28xkj631.jpg,1561485622.0,63,0.97,9,CasualUK,McNabFish
c5c7xs,That's a new way of getting around,,https://i.imgur.com/oi0hORv.jpg,1561484571.0,63,0.93,8,CasualUK,cubbish
c5bcfy,Why I'm not allowed to make packed lunches for pre-schoolers anymore.,,https://imgur.com/j6p2B6Y,1561481123.0,85,0.87,49,CasualUK,jackshreeve
c5b8ak,"Shit, he‚Äôs back.",,https://i.redd.it/y43ps1t66j631.jpg,1561480665.0,261,0.99,25,CasualUK,millsytime
c5ay8m,"Sat on a packed, hot, 100% humidity commuter train (with no a/c, obviously) and the guy next to me has gone full Ron Burgundy",,https://i.redd.it/sonltfeu2j631.jpg,1561479546.0,77,0.95,22,CasualUK,Alkalinex
c5av5s,"""So the last will be first, and the first last."" - Matthew 20:16",[deleted],https://i.redd.it/yo6tudn91j631.jpg,1561479187.0,304,0.99,37,CasualUK,[deleted]
c5aefz,"Welp, that's embarassing..",[deleted],https://i.redd.it/ojywryd2wi631.jpg,1561477273.0,11163,0.97,297,CasualUK,[deleted]
c59aph,The joke on this children‚Äôs lunch bag is a bit on the nose.,,https://i.redd.it/uzkl14q4ii631.jpg,1561472574.0,418,0.98,30,CasualUK,thiscakeissmashed
c57o1s,"As a foreigner new to this country, I‚Äôm used to summertime being warm. I am now prepared for summer in the UK",,https://i.redd.it/js5j5vr5vh631.jpg,1561464850.0,141,0.93,70,CasualUK,Necronaut87
c56b6b,Victorian town planner had something on his mind,,https://i.redd.it/rakjha2dah631.jpg,1561457854.0,65,0.93,4,CasualUK,NigelNormanPhD
c565al,My local Chinese does these kind of specials. ‚ÄòUltimate Ballbag‚Äô special is their latest,,https://i.redd.it/n83ivilmxg631.jpg,1561456989.0,82,0.91,17,CasualUK,this-here
c55t1q,Flash flood in Stirling yesterday,,https://v.redd.it/pnezqpfs1h631,1561455103.0,268,0.97,51,CasualUK,JustALonelyLock
c55ibv,A bridge in the Lakes,,https://imgur.com/vELjmB7,1561453440.0,77,0.95,10,CasualUK,_yorts_
c55e13,Our local co-op this morning..,,https://i.redd.it/yrcd5su8vg631.jpg,1561452769.0,88,0.96,59,CasualUK,awyldstallynappeared
c54czu,Someone didn't think about their website.... Or did they?,,https://i.imgur.com/zMLVyAZ.jpg,1561446777.0,9559,0.95,285,CasualUK,manguish
c53uj5,Welcome to a yorkshire summer day,,https://i.imgur.com/Qfsz9ly.jpg,1561444129.0,149,0.97,15,CasualUK,SarkyMs
c4z33y,8 K wiinning,[deleted],https://cdn.discordapp.com/attachments/436088682043277322/592873555092570113/image0.jpg,1561422663.0,69,0.88,28,CasualUK,[deleted]
c4yuss,Found two ¬£5 coins in the house; dated 1894 and 2003. (Cheese string for scale),,https://i.redd.it/hj3izvg0be631.jpg,1561421756.0,54,0.94,39,CasualUK,JustAnEnglishman
c4wpm0,Found this fella when I moved the recycling bin.,,https://i.redd.it/mrs4jdlcnd631.jpg,1561413794.0,75,0.99,28,CasualUK,clarknova77
c4vxmk,I ran out of words to write while warming up so thought I‚Äôd throw in some casual insults...,,https://v.redd.it/4pl9u121fd631,1561411023.0,349,0.95,44,CasualUK,queenstefanos
c4vapt,Breathtaking sky in Cornwall tonight,,https://i.redd.it/ouvizuyi8d631.jpg,1561408848.0,120,0.97,5,CasualUK,jamescd22
c4tvz2,Found this lil fella in my garden!,,https://i.redd.it/9mywk9k6uc631.jpg,1561403986.0,75,0.99,31,CasualUK,[deleted]
c4t6bt,Shocking scenes from the freezer tonight,,https://i.redd.it/3tgnbpevmc631.jpg,1561401527.0,88,0.93,11,CasualUK,clifford88
c4t020,Going to pop the question tomorrow. Nervous as hell! Wish me luck guys!,,https://i.redd.it/el886gi3lc631.jpg,1561400933.0,12504,0.87,542,CasualUK,Jackwiththebeard
c4shf0,"After a tough time at uni, just found out I got my 2:1! Made some sausage, bacon, mash and onion gravy to celebrate!",,https://imgur.com/B2VLvla,1561399186.0,361,0.95,65,CasualUK,[deleted]
c4rump,Just a pint in the Highlands.,,https://i.redd.it/opirlvrg9c631.jpg,1561397029.0,196,0.99,18,CasualUK,Plutonium_239
c4roqn,How to keep the Cornish and Devonians both happy.,,https://i.redd.it/g010pndu7c631.jpg,1561396481.0,97,0.97,35,CasualUK,juanito_f90
c4rdvm,So how was the rain at your work today?,,https://v.redd.it/bbhb32do4c631,1561395481.0,63,0.99,12,CasualUK,AtlasSco
c4qqe9,Life‚Äôs toughest choices,,https://i.redd.it/v8bmj3f7yb631.jpg,1561393232.0,3707,0.98,173,CasualUK,ersenos
c4pb4p,The effort that went into this maze at the end of my road...,,https://i.redd.it/8hcyj60kjb631.jpg,1561388327.0,56,0.88,21,CasualUK,kopsy
c4ohm5,My 22nd donation...,,https://i.imgur.com/G91GbFZ.jpg,1561385343.0,66,0.8,33,CasualUK,Bagelsontoast
c4od5u,It's the time of the year these guys are working hard in the local woodland,,https://v.redd.it/pszr6iub7b631,1561384891.0,59,1.0,7,CasualUK,nocte_lupus
c4mzuw,"Just picked this up from the shop, it was ¬£99.99.",,https://i.redd.it/wvfguug3ua631.jpg,1561379744.0,108,0.88,22,CasualUK,[deleted]
c4mwwc,Hazy lunchtime over Llandudno,,https://i.redd.it/3as16px4ta631.jpg,1561379423.0,71,0.99,2,CasualUK,picklesthedogv2
c4miw9,Savage from Netflix,,https://i.redd.it/1otj1bwmoa631.jpg,1561377905.0,161,0.95,11,CasualUK,S1eepy266
c4mcek,If there‚Äôs traffic on the M25 between J15 and J16 I apologise,,https://i.imgur.com/GZBVYPk.jpg,1561377085.0,91,0.98,43,CasualUK,Quantum_Incident
c4m4jk,"I missed the football because of this mad lad, it had been stuck behind my fireplace for 16 hours before eventually coming out and flying around my lounge smacking into the 2 fixed windows whilst ignoring the open ones.",,https://i.redd.it/zevqjr8dia631.jpg,1561376065.0,80,0.97,17,CasualUK,Matt6453
c4lze3,I'm not 100% sure BT understands the concept of no extra monthly cost,,https://i.redd.it/liqbgqjzga631.jpg,1561375392.0,357,0.99,89,CasualUK,RuthBaderBelieveIt
c4lysi,Wales when it‚Äôs sunny.,,https://i.redd.it/o98a9hlwga631.jpg,1561375310.0,229,0.99,14,CasualUK,kevinnelson89991
c4l8fr,This Hidden Gem,,https://i.redd.it/qxl2eb386a631.jpg,1561371719.0,340,0.98,16,CasualUK,reallyoldandtired
c4l13r,Two vandals broke one of the flower pots in my driveway this morning. Bet they didn't realise I have CCTV,,https://v.redd.it/nb34ygse2a631,1561370529.0,3422,0.99,78,CasualUK,LDrudok
c4kjsa,First day of the holiday in Devon - woken up by loud cows that have literally gotten themselves stuck inside a hedge,,https://i.redd.it/3z7hfvlbt9631.jpg,1561367383.0,10987,0.97,246,CasualUK,gastn1
c4ki34,"It's funny some of the things you find, whilst out walking.",,https://imgur.com/CIISnKt,1561367049.0,346,0.99,20,CasualUK,markusfen
c4kf48,Who else is excited for the new Star Wars?,,https://i.redd.it/auhrzd7qq9631.jpg,1561366503.0,680,0.94,48,CasualUK,kingnutter
c4jqb7,"Found a 50p I hadn't seen before so I looked up the value, this is the difference between what people ask for and what it actually sells for",,https://i.redd.it/xtiehde7b9631.jpg,1561361282.0,105,0.99,26,CasualUK,dr-mantis-t0b0ggan
c4jo6y,Full English in a Yorkshire pudding. Name me a more British creation?,,https://i.redd.it/3u150l8t99631.jpg,1561360815.0,1341,0.96,208,CasualUK,itsallfinereally
c4jmth,"I know Barry Chuckle‚Äôs funeral was a private event, but I‚Äôve just read a transcript of the service and it was very moving.",Particularly the tometoeulogy.,https://www.reddit.com/r/CasualUK/comments/c4jmth/i_know_barry_chuckles_funeral_was_a_private_event/,1561360534.0,567,0.96,19,CasualUK,vbloke
c4jjau,There was a robot seemingly giving everyone the middle finger on BBC news this morning,,https://i.imgur.com/PlTnL4J.jpg,1561359812.0,1427,0.99,24,CasualUK,CountVeggie
c4htlz,A fiery sunrise over Poole!,,https://imgur.com/W0AnTPs,1561348055.0,72,0.99,2,CasualUK,shakeurgroovethang
c4duet,Granddad being a mad lad in a family photo,[deleted],https://i.redd.it/92wbo4ntr6631.png,1561330631.0,83,0.93,15,CasualUK,[deleted]
c4cc4c,"Taken last night at 01:49. Doesn't really get much darker in summer, Scrabster.",[deleted],https://i.redd.it/allgzlplc6631.jpg,1561325432.0,148,0.98,8,CasualUK,[deleted]
c4cazv,A beautiful day in Wales. In our country we have 600 castles. That isn't one of 'em. Block of flats with a spar underneath it.,,https://i.redd.it/cn39jrd9c6631.jpg,1561325324.0,58,0.95,2,CasualUK,spacehopper47
c4bvtq,Christmas selection box - 1993. Do you think the Opal Fruits will still be alright?,,https://i.redd.it/cx2vfib286631.jpg,1561323909.0,82,0.97,25,CasualUK,GrstwooD
c48u00,I found some more in Scotland,,https://i.redd.it/ery4n203d5631.jpg,1561313490.0,175,0.97,18,CasualUK,_jonnyrussell
c48i3s,Living for these,,https://i.redd.it/3r05t4dm95631.jpg,1561312322.0,138,0.95,6,CasualUK,lillluh
c48csf,The best thing about being Scottish is that we own The Highlands. I took this yesterday.,,https://imgur.com/GaJyBtF.jpg,1561311734.0,76,0.94,12,CasualUK,Karl_Cross
c483d4,"St. Nicholas Church, Laindon, Essex - gorgeous Church. 13th cent.",[deleted],https://i.redd.it/v3hhi4bo45631.jpg,1561310679.0,103,0.99,7,CasualUK,[deleted]
c47kpb,I'm a father of two beautiful baby girls. Everyone welcome Nora and Esther to the world ‚ô•Ô∏è,[deleted],https://imgur.com/1ECyxL0,1561308631.0,927,0.77,100,CasualUK,[deleted]
c46ujk,When the shop across the road has an alarm going off for 3 weeks straight.,[deleted],https://i.redd.it/s5tp94byp4631.jpg,1561305713.0,226,0.99,29,CasualUK,[deleted]
c467l5,The UK Space Agency,,https://i.redd.it/s2ykyk75i4631.jpg,1561303087.0,375,0.97,22,CasualUK,Mitch_Taylor
c45p6u,"Took a birthday bike ride today. Reculver, Kent.",,https://i.imgur.com/gGXas2D.jpg,1561300932.0,94,0.97,15,CasualUK,catf0od
c45l5n,The cultural section on this travel app has the right about us,,https://i.imgur.com/PhjI8yP.jpg,1561300460.0,314,0.99,70,CasualUK,Lambyking
c44tla,Who else collects tacky fridge magnets from around the world?,,https://m.imgur.com/PEijm58,1561297226.0,261,0.98,58,CasualUK,[deleted]
c44mrg,Absolutely fuming,,https://i.redd.it/xrmt6rzay3631.jpg,1561296421.0,99,0.93,24,CasualUK,JakubTheLord
c44b2q,Couldn't help but giggle at this brilliant shop name,,https://imgur.com/elHVQJm.jpg,1561294979.0,125,0.96,11,CasualUK,MisterJohnson87
c43hyf,When the local summer fete suddenly gets interesting.,,https://i.redd.it/74pp14vyi3631.jpg,1561291251.0,103,0.98,40,CasualUK,MrBozzie
c437yt,When roadworks take bloody ages,,https://i.redd.it/pse1yqfze3631.jpg,1561289916.0,177,0.99,12,CasualUK,[deleted]
c432yx,When a British guy goes to Alicante...,,https://imgur.com/zpf2OpV,1561289246.0,463,0.96,29,CasualUK,forowned
c43139,I have started swimming!,"I am 48 and overweight and have at my daughters request started regular swimming at the local pool. For reference the last time I was in a 'swimming pool' was about 35 years ago and I was never a strong swimmer. I must admit I am quite enjoying it but my technique is woeful, I am currently swimming on my back but am very slow. Thankfully I have found a Youtube channel that has loads of great 'training' stuff so hopefully I can improve and finally get rid of my 'moobs'.",https://www.reddit.com/r/CasualUK/comments/c43139/i_have_started_swimming/,1561288975.0,61,0.92,46,CasualUK,[deleted]
c42qhj,Anyone else‚Äôs hay fever particularly bad this year?,[deleted],https://www.reddit.com/r/CasualUK/comments/c42qhj/anyone_elses_hay_fever_particularly_bad_this_year/,1561287522.0,55,0.94,37,CasualUK,[deleted]
c42pf1,Turned around to this in the Tesco car park. Near shat myself.,[deleted],https://i.redd.it/af8riapd73631.jpg,1561287368.0,3010,0.99,50,CasualUK,[deleted]
c421a9,"Found this at a car boot sale. I'm going to be murdered in my sleep, aren't I",,https://i.redd.it/11f3ub36x2631.jpg,1561283942.0,84,0.98,17,CasualUK,RevolverMjolnir
c420lo,Oor Wullie Bucket trail in Glasgow,,https://i.redd.it/ds3ji7eyw2631.jpg,1561283850.0,83,0.97,9,CasualUK,[deleted]
c41oak,I have now found the six infinity sauces in Wales.,,https://i.redd.it/e5xvm65jr2631.jpg,1561282052.0,14735,0.92,377,CasualUK,KarmaKatze
c41bgz,"The view over Mapledurham, Oxfordshire a couple of nights ago",,https://i.redd.it/vj3kc3c2m2631.jpg,1561280189.0,676,0.99,33,CasualUK,[deleted]
c3ypp4,"This blessed plot, this earth, this realm, this England.",[deleted],https://i.redd.it/wivnan0k11631.jpg,1561261184.0,119,0.95,23,CasualUK,[deleted]
c3vk6t,"TIL In 2009, a retired policeman called Geraint Woolford was admitted to Abergale Hospital in north Wales and ended up next to another retired policeman called Geraint Woolford. The men weren‚Äôt related, had never met and were the only two people in the UK called Geraint Woolford.",,https://www.telegraph.co.uk/news/newstopics/howaboutthat/6762605/Two-retired-policeman-with-same-name-ended-up-side-by-side-in-hospital.html,1561242078.0,97,0.98,9,CasualUK,Chazmer87
c3vd95,This lovable bastard,,https://i.redd.it/1494omkjdz531.jpg,1561241015.0,89,0.92,12,CasualUK,[deleted]
c3uz1e,Salacious roadtrip (@so_bad_ass),,https://i.redd.it/17qh4nkw6z531.png,1561238791.0,62,0.87,18,CasualUK,rmacd
c3uyci,Citro√´n UK is using a GTA V screenshot as their dealer locator image.,,https://i.redd.it/ldwk8lfz5z531.png,1561238678.0,141,0.98,12,CasualUK,winkal
c3utra,Just wanted to reminisce at the childhood joy of watching the 6pm Simpsons episodes on Channel 4 every weekday.,,https://www.reddit.com/r/CasualUK/comments/c3utra/just_wanted_to_reminisce_at_the_childhood_joy_of/,1561237912.0,235,0.99,54,CasualUK,Flabby-Nonsense
c3unnx,These ‚Äòtemporary traffic lights‚Äô have been in place for a year today. Some locals rightly thought it was tome to celebrate.,,https://i.redd.it/57wudbyi1z531.jpg,1561236958.0,571,1.0,25,CasualUK,imbzy
c3ugp1,Found this for sale on Facebook,,https://i.redd.it/0bg5m0e6yy531.jpg,1561235839.0,102,0.97,8,CasualUK,AntiSocialMackerel
c3ucfi,Remnant of a more civilised age,,https://i.redd.it/ywc4txw4wy531.jpg,1561235146.0,63,0.95,11,CasualUK,[deleted]
c3u6zy,It's pretty cheap to take a shit in England,,https://i.redd.it/l78wl68kty531.png,1561234285.0,11308,0.97,170,CasualUK,EragonDraco
c3twz4,Male mentoring service for boys without dads aims to launch across UK,,https://www.standard.co.uk/news/uk/lads-need-dads-acclaimed-male-mentoring-service-for-boys-without-fathers-aims-to-roll-out-in-every-a4172206.html,1561232712.0,104,0.99,11,CasualUK,gsurfer04
c3tp1u,beautiful British sunset,,https://i.redd.it/2zchhqz8ly531.jpg,1561231485.0,333,0.97,9,CasualUK,artsyflamingo
c3snu5,Broken Britain :(,,https://i.redd.it/t3uhk3tb4y531.jpg,1561225813.0,147,0.96,20,CasualUK,DJ_Overdose
c3sm43,"Heron snacking on an Eel, seen today in Kent.",,https://i.redd.it/8oltf1pn3y531.jpg,1561225568.0,123,0.99,17,CasualUK,Radwaymm
c3s9cd,Stumbled into the Midsummer Parade in Chester today,,https://imgur.com/g58n99o,1561223769.0,67,0.98,7,CasualUK,GuessImStuckWithThis
c3rr5l,I always forget how beautiful Cornwall is,,https://i.redd.it/hpwlje1rqx531.jpg,1561221244.0,528,0.98,31,CasualUK,microfibrecloth
c3raq8,This 20 year old is enjoying the warm weather.,[deleted],https://imgur.com/V805FDS,1561218935.0,263,0.98,24,CasualUK,[deleted]
c3r27i,It‚Äôs officially too hot in north-west England for iPhones to operate outdoors,,https://i.redd.it/rp45uf77gx531.jpg,1561217679.0,83,0.91,21,CasualUK,cricketrocks
c3r0wq,"‚ÄúWe‚Äôve run out of Ps, boss. How‚Äôs this?‚Äù",,https://i.redd.it/1is41f3nfx531.jpg,1561217491.0,89,0.97,15,CasualUK,BoopSquad
c3qt61,"This view just 1 hour outside Manchester City centre, is why I love living in the UK.",,https://imgur.com/ADMdawM,1561216334.0,166,0.97,21,CasualUK,markusfen
c3qbci,Seven miles in the sun with this dude. Legs covered in nettle bumps and can't stop sneezing. Worth it.,,https://i.imgur.com/c4JrZ03.jpg,1561213684.0,374,0.97,25,CasualUK,sideone
c3q0ro,Reddit Meetup in London in full swing!,,https://i.redd.it/fa29281dzw531.jpg,1561212026.0,130,0.97,39,CasualUK,bordin89
c3pwot,This is the name of a local dog walking company. They should have thought harder about it.,,https://i.redd.it/t9eo77dfxw531.jpg,1561211365.0,55,0.94,7,CasualUK,vbloke
c3pv75,Thanks for making me feel welcomed Leeds,,https://i.redd.it/j6cazmwoww531.jpg,1561211120.0,113,0.98,15,CasualUK,Miss-Blythie
c3poil,"Seems a bit harsh, I'm sure Bernard Sumner enjoys his cycling",,https://i.redd.it/l3upjduesw531.jpg,1561209986.0,132,0.96,23,CasualUK,DoddyUK
c3pl4b,These ladybugs shagging on my mirror whilst we were driving.,,https://i.redd.it/8zg0ztllrw531.jpg,1561209408.0,62,0.88,15,CasualUK,rad504
c3penq,Polite no-parking sign in Goathland,,https://i.imgur.com/3RWljY0.jpg,1561208318.0,113,0.99,12,CasualUK,Brickie78
c3p98a,"Update, I made my empty fairy liquid bottle in to a rocket!",,https://i.redd.it/5tc76ftclw531.jpg,1561207312.0,112,0.96,13,CasualUK,Cazawazza
c3p5d1,Went to a works do and got offered these monsters. 24 hours later I can still taste them.,,https://i.redd.it/bjiohf56jw531.jpg,1561206606.0,176,0.97,26,CasualUK,naturenet
c3otxm,Why do we keep these? I literally haven't touched it since 2002!,,https://i.redd.it/79xx4uptcw531.jpg,1561204441.0,164,0.96,61,CasualUK,deadly_lampshade
c3ogdy,Headline from daily star today,,https://i.redd.it/kbxbgkrj4w531.jpg,1561201654.0,108,0.98,24,CasualUK,Sutinguv2
c3ntks,These local residents of Dorset about drop the sickest album of the summer!!,,https://i.redd.it/g4ad7cfxpv531.jpg,1561196744.0,274,0.98,31,CasualUK,IAMBiSH
c3nfc1,That doesn't look right...,,https://i.imgur.com/nNS9MIl.jpg,1561193607.0,126,0.98,20,CasualUK,daughter_alice
c3n41z,Found this retro boy whilst sorting the attic out,,https://imgur.com/FwFLd18.jpg,1561191061.0,10080,0.9,301,CasualUK,featurenotabug
c3n2pm,I always pity the dogs in hoover commercial. You can see the fear in their eyes but being trained to lie down as the device of doom slowly glides towards them.,,https://www.reddit.com/r/CasualUK/comments/c3n2pm/i_always_pity_the_dogs_in_hoover_commercial_you/,1561190754.0,68,0.94,18,CasualUK,Arilysal
c3n1ly,"Waking up to this email and spending the millions in your head as you log in, only to win ¬£4...",,https://i.redd.it/hj2nnwqf7v531.jpg,1561190518.0,273,0.98,29,CasualUK,trason93
c3mpbs,"Shoutout to all the people who are classy enough to be going to Royal Ascot today, but still rough enough to be smuggling a bottle of gin in with them!",,https://www.reddit.com/r/CasualUK/comments/c3mpbs/shoutout_to_all_the_people_who_are_classy_enough/,1561187834.0,69,0.92,17,CasualUK,DrNickW
c3mcal,A boat is abandoned in a residential car park; local council decide to tow it,,https://i.redd.it/2o45kgxaru531.jpg,1561185173.0,154,0.99,17,CasualUK,nsefan
c3idi5,Here‚Äôs My Gorgeous Sister &amp; Best Mate On Bargain Hunt.,[deleted],https://i.redd.it/f71hgmb6rs531.jpg,1561160836.0,71,0.77,47,CasualUK,[deleted]
c3gucx,"The original ""Tiny Keanu""s",,https://imgur.com/YSEUQxS,1561153020.0,140,0.96,17,CasualUK,TheWolfXCIX
c3gdmx,Crazy beggar lady gets put in her place...,"I've lived on the same council estate since I was 2 1/2 years old (over 40 years). Our local council got ""joined"" with the nearby city council about 18 years ago. Most of the houses have been bought (right to buy) but there are still a fair few that are ""local authority"" housing. My mum and dad live in a bought house on the estate and I live in a council house round the corner from them. For the first 25 years or so that I lived here, most people who moved onto the estate were from the town, since the ""joining"" there is no way you can get a house here unless you live in the nearby city. Now don't get me wrong, I don't mind... hell most of the time I don't even notice as due to agoraphobia/depression/anxiety I don't often go out. I do however drive to m &amp; d's house and am very close to their next door neighbour. She's a very sweet little old lady :) If you are aware of what council estates are like, then you know that on every council estate there are at least 2 people/families who think they're ""hard"" (tough/able to fight \*for those not up on UK slang). I'm not tough, hard or scary in any way/shape or form...

Last year a woman moved from a flat in nearby city to a flat over the road from m &amp; d, during the first few weeks of her living here, she screamed at and/or hit at least 8 people. She was known as a ""hard lass"" where she used to live (personally I just think she was a bit loopy and nobody had stood up to her). From now on I'll call her CL - crazy lady. CL was now the talk of our small town (having been arrested, questioned and let go on numerous occasions) she was all over facebook and ALL the local gossips knew about her and she made almost the whole town uncomfortable. People would avoid looking at her on the bus and cross the road if they saw her out walking.

She'd lived here for a few months when she apparently she had a bit of trouble, financially. She stopped getting the bus and started walking to the shops, picking tab ends up and smoking them on the way and asking every person she met for money to buy cigs. Most people (knowing her reputation) would just give her a quid or something so that by the time she got to the shop, she'd have enough for a pack of 20. (I know what it's like to be desperate for a cig... I've cadged a couple off my sister or friends and made 10 super skinny rollies from them many times over the years but this woman would make enough for 20 a day just going to the shop!)

This was allowed to happen for a long time, until the day sweet neighbour (SN) was at the bus stop when crazy lady set off...

CL ""can you help me? I need to get into town and I'm skint""

SN ""ok, I'll lend you your bus fare, do you think you'll be able to pay me back when we get to town?""

CL ""probably""

On the bus for 20 minutes CL managed to talk SN into giving her another ¬£10 for cigs! (she never paid that or the bus fare back!)

In the days and weeks that followed, SN changed from being chatty and outgoing to scuttling from her house to the bus stop and back, her living room curtains were never open and the lights were never on anymore. One day, I stopped her as she went in her gate and asked her if she was OK, turns out CL had been calling over almost every day to collect money from SN with a sob story about needing cigs and she was trying to hide from her... I told her to go in and put her lights on, sure enough, 10 minutes later, CL was opening the gate...

Me (doing my best ""nosy neighbour"") went out and said politely ""do you mind telling me why you're going in SN's garden?""

CL ""she's my friend and I've come to collect some money she borrowed""

Me ""she's not your friend and I think it's actually you who owes her money, friends don't use people like that!""

CL ""who the feck are you anyway and why do you care?""

Me ""I'm an actual friend of SN and I'd like you to leave her alone"",

CL ""I don't think so, I'm her friend and I'm getting my money""

Me ""If you don't leave now I'll either call the police or take you home myself""

(by this time my m &amp; d were in the garden and SN's best friend (across the road) was peering out of her window, (I felt a little bit tougher now I had friendly back-up)

Me ""look what you've done, we've got an audience now, I think you'd better go""

CL (shouting now)  ""why do you care? she's just a stupid old birch who has nothing to spend her money on""

Council estate mentality dictates that if someone is shouting in the street, you MUST go outside to see what's going on, by now there were about 15 people standing at their gates watching the (small) spectacle and I was starting to shake (partly through anger but mostly because of the anxiety etc.)

CL (screams) ""OI! SN! COME OUT I NEED SOME MONEY!""

The big bloke from next door the other way came out of his garden and stood next to CL, My dad, and Sam from 2 doors down join him. My dad is the most soft spoken man you could ever meet and he said ""I think it's probably past your bed time now, off you go"". CL looked around and saw the group of people, she seemed to come to her senses. She shifted her gaze to the floor and almost ran back to her flat. She doesn't visit SN anymore, she doesn't beg on her way to the shop anymore, she seems to have found enough money for the bus EVERY day and I hope she hasn't found anyone else to bully into buying her cigs for her.

Sorry it's a bit of a naff ending but SN doesn't scuttle to and from the bus stop anymore and even sits in her garden on sunny days to drink a cold lager with her best friend :) just goes to show the power of the people x",https://www.reddit.com/r/CasualUK/comments/c3gdmx/crazy_beggar_lady_gets_put_in_her_place/,1561150826.0,149,0.9,40,CasualUK,mrsmadmick75
c3g5sx,"Surprise View, Keswick",,https://i.imgur.com/jyGObzz.jpg,1561149808.0,80,0.96,5,CasualUK,rajamalw
c3g1e2,Cheese henge,,https://imgur.com/KwF8uCn,1561149228.0,307,0.95,14,CasualUK,Ruskythegreat
c3g1bj,"Happy Solstice, from Glass Henge",,https://i.redd.it/cn69g8emsr531.jpg,1561149218.0,53,0.91,1,CasualUK,FloopersRetreat
c3g009,Take that sugar tax,,https://i.redd.it/qv399l05sr531.jpg,1561149055.0,759,0.95,64,CasualUK,bentech1
c3fk3q,Just been reminded that these existed and they were insanely good,,https://i.redd.it/3xaylpuzlr531.jpg,1561146988.0,76,0.95,8,CasualUK,sam_ill
c3dj11,I found a rare antique in a book sale in Wilkinson‚Äôs,[deleted],https://i.redd.it/1eswcgykuq531.jpg,1561137769.0,94,0.98,4,CasualUK,[deleted]
c3d9qv,"ABSOLUTE SCENES outside my home. My wife just phoned, the police have cordoned off the area. A dog has bitten off a man‚Äôs penis. There is apparently a penis by my garage!",,https://twitter.com/jimmeruk/status/1142104458593222658?s=21,1561136620.0,110,0.93,52,CasualUK,JimmerUK
c3cl5t,"Image captured last night in Seaton Sluice, Northumberland of a coastal home that looks out to the North Sea",,https://i.redd.it/z97lams3iq531.jpg,1561133577.0,57,0.95,15,CasualUK,[deleted]
c3cff8,Moped thieves hate this one trick,,https://i.redd.it/wo54ex32gq531.jpg,1561132892.0,92,0.97,7,CasualUK,Giinocchio
c3c3gr,"Sorry, we purposely made a mistake so we could justify spamming your inbox!",,https://i.redd.it/g2t0j1fcbq531.png,1561131316.0,54,0.96,9,CasualUK,___Steve
c3c25s,I guess someone finally lost it,,https://i.redd.it/jy3sl0dvaq531.jpg,1561131139.0,929,1.0,44,CasualUK,ZoFreX
c3bx7v,These absolute units chilling out in our staff car park (pound coin for scale),,https://i.redd.it/9zag8t2z8q531.jpg,1561130505.0,145,0.98,39,CasualUK,huskydaisy
c3bwqr,"Crikey, it‚Äôs the Italian rozzers!",,https://i.redd.it/h7rhdhys8q531.jpg,1561130444.0,165,0.97,16,CasualUK,Mattyvole
c3aka6,Totally inedible.... Couldn't even chew through the outer shell.... What a joke.,[deleted],https://imgur.com/YEa9Pm3,1561123714.0,176,0.97,10,CasualUK,[deleted]
c3ag93,Found this beauty casually parked next to me as I returned from my walk at Lyme Park.,,https://i.redd.it/u3kfzo6ump531.jpg,1561123062.0,109,0.98,31,CasualUK,achybreakyballs
c3afeg,"Pub, Pint, Pup, Perfect.",[deleted],https://i.redd.it/l7mplgfdmp531.jpg,1561122919.0,346,0.98,27,CasualUK,[deleted]
c3a76w,Biscuit Henge,,https://i.redd.it/lptdl8bkip531.png,1561121624.0,10272,0.98,161,CasualUK,sonicsilver427
c39wky,Spotted: Cardiff (Google Streetview),,https://i.imgur.com/QxrK2eu.jpg,1561119772.0,71,0.96,15,CasualUK,m00ds
c39lxo,Getting the post sesh bacon and eggs ready for the boys.,,https://i.redd.it/af0r5k0b7p531.jpg,1561117841.0,153,0.9,50,CasualUK,russelp
c39lry,UK's dirtiest phone box. Turns out that only birds use them these days.,,https://i.redd.it/whye4id37p531.jpg,1561117807.0,92,0.99,17,CasualUK,sugarydoring
c39cet,One of our oversees territories im quite lucky and get to visit often :),[deleted],https://i.redd.it/45y0ez7n1p531.jpg,1561115933.0,60,0.98,14,CasualUK,[deleted]
c39boi,The future that was promised.,[deleted],https://i.redd.it/7o3oiq4n0p531.gif,1561115787.0,390,0.98,33,CasualUK,[deleted]
c38rxp,The real dangers of marijuana. I think I'm on to something here!,,https://i.redd.it/p5mimtjxoo531.jpg,1561111655.0,102,0.89,31,CasualUK,jio1806
c38btg,Who went on this bad boy and survived?,,https://i.imgur.com/e5RD00r.jpg,1561108136.0,51,0.96,26,CasualUK,boogie_boots
c385ul,"Tried to get my rat to pose and look cute, here she is failing to deliver",[deleted],https://i.redd.it/xf74dwkdao531.jpg,1561106787.0,134,0.91,15,CasualUK,[deleted]
c38043,Can we give it up to this legend in the tesco x sainsburys suit jacket,,https://i.redd.it/5xh8bjxb6o531.jpg,1561105407.0,713,0.99,37,CasualUK,areallytinyhorse
c37pr6,"Is the pie hot and burning? Or is it cold and... well, cold?",,https://i.redd.it/oie3vhpbzn531.jpg,1561103048.0,57,0.94,30,CasualUK,CrackB3ar
c36yh0,Summer solstice at Stonehenge 21.06.19,,https://i.redd.it/coi89btain531.jpg,1561097317.0,170,0.92,23,CasualUK,MPLN
c36jv4,This sweet little child,,https://v.redd.it/drbfu6o78n531,1561094408.0,131,0.89,25,CasualUK,dvempy
c369xr,Started using a proper milkman again. There's something very nostalgic about the cream residue on the glass of a bottle of blue top.,,https://i.redd.it/4ik834z64n531.jpg,1561092578.0,1116,0.96,191,CasualUK,Diffleroo
c33h1j,"""skatey mcskateface"" decided by a public poll",,https://i.redd.it/2y8rppmtql531.jpg,1561075969.0,51,0.86,31,CasualUK,[deleted]
c33f8g,Do any if you guys know how many Michelin stars this place has?,,https://i.imgur.com/A2nemah.jpg,1561075813.0,103,0.98,30,CasualUK,smokedspirit
c31d36,This very british response to a parking dispute came through my door,,https://i.redd.it/kgmmb3ovpk531.jpg,1561063588.0,196,0.98,61,CasualUK,RottenPhallus
c30or4,"The scene is so typically British. Warrington, England.",,https://i.redd.it/qob24nqkgk531.jpg,1561060425.0,88,0.93,17,CasualUK,qojdec97
c30fx9,Got to love my local chippys take on what is an authentic Italian mealüòÇüòÇ,,https://i.redd.it/x2tzp2b6dk531.jpg,1561059274.0,91,0.97,23,CasualUK,big-g1980
c30as0,"Dinner tonight. I call this one, the ""forgot to get meat out of the freezer so just cook whatever leftover stuff for the kids we could find"" special",,https://i.redd.it/7808gow2bk531.jpg,1561058576.0,57,0.88,44,CasualUK,t4rnus
c3083x,Found this great cheese in a farm shop. The perfect gift for a mother in law or sister.,[deleted],https://i.redd.it/li5b57jz9k531.jpg,1561058217.0,70,0.97,0,CasualUK,[deleted]
c303fu,"Bedruthan Steps, and the first truly amazing sunny day in Cornwall this week. Amazing nonetheless.",,https://i.redd.it/xer3p1f68k531.jpg,1561057592.0,70,0.98,1,CasualUK,Brownian-Motion
c2zovs,Omar Baba reveals new seats for Flylo air,,https://i.redd.it/u2bn3590ki531.jpg,1561055508.0,390,0.99,98,CasualUK,ro330
c2zaxu,I got a meta-flyer through the door today,,https://imgur.com/rWcFh2w,1561053615.0,74,0.98,7,CasualUK,DeerWithaHumanFace
c2yvii,"My turn with the personal good news! I passed my driving test today, 4th time. This afternoon I have filled up on my own and taken my mum to Tesco, it feels amazing üòÅüòÅüòÅ",,https://www.reddit.com/r/CasualUK/comments/c2yvii/my_turn_with_the_personal_good_news_i_passed_my/,1561051556.0,219,0.95,71,CasualUK,ifmtobh
c2yhaz,It‚Äôs always classy in Camden Town,,https://i.redd.it/8wlkodtlkj531.jpg,1561049666.0,1319,0.99,100,CasualUK,procrastanating
c2ybvh,In response to BenXL and the scooby doo vans - seems to me we have a t-Rex on the loose also!,[deleted],https://v.redd.it/80k3msdyhj531,1561048953.0,68,0.98,9,CasualUK,[deleted]
c2ybok,Footage of Liam Gallagher at a local climbing centre,,https://gfycat.com/kaleidoscopicfemalekitten,1561048922.0,230,0.97,19,CasualUK,itsamberleafable
c2ybjo,Bit of good old phone box graffiti.,,https://i.redd.it/5slzafibij531.jpg,1561048908.0,115,0.94,11,CasualUK,caratayy
c2xgz0,The English countryside at its finest...,,https://i.redd.it/zliytyu46j531.jpg,1561044800.0,296,0.98,37,CasualUK,CarloDS
c2xg4f,My friend Fat Pig and his American fiancee using their noggins to plan the wedding.,,https://i.redd.it/tdkjfzei4j531.png,1561044681.0,202,0.97,23,CasualUK,JIAB15
c2xfmo,Bee rescue!,,https://i.imgur.com/SNmbTGp.jpg,1561044617.0,54,0.96,8,CasualUK,Bagelsontoast
c2wunv,"I don‚Äôt know how much of the Isle of Man you all get to see, but I thought I‚Äôd share this picture of my hometown with you all!",,https://i.redd.it/vw198zq0xi531.jpg,1561041737.0,87,0.96,23,CasualUK,Kenwaii_
c2wahf,Untouched and lonely out-of-season creme egg left behind on Nottingham Left Lion. Something tragic about this ü•∫,,https://i.redd.it/olohx6maoi531.jpg,1561038800.0,112,0.96,26,CasualUK,hantothet
c2vxam,This had to be the most British thing I've seen in a pub!,,https://i.redd.it/iapfpyy2ii531.jpg,1561036710.0,178,0.95,100,CasualUK,97tanderson
c2v5pv,Do you think we'll get our deposit back?,,https://i.redd.it/ohefk4we4i531.png,1561032117.0,79,0.96,43,CasualUK,swiiish_raboogie
c2uu5v,"If you're using the Just Eat app, check your bank today. Numerous reports of unauthorised payments.",[deleted],https://www.reddit.com/r/CasualUK/comments/c2uu5v/if_youre_using_the_just_eat_app_check_your_bank/,1561029933.0,72,0.94,46,CasualUK,[deleted]
c2u5vg,Thought you guys might like my phone case,,https://i.redd.it/7ywj99m7jh531.jpg,1561024983.0,350,0.96,27,CasualUK,rabid_spanial
c2tqj4,"The weather has been so crap this summer that I haven't had my bike out of the garage in two weeks. As a result, I gave this little guy a ride to work this morning without realising.",,https://i.redd.it/q66lfgo79h531.jpg,1561021662.0,118,0.95,14,CasualUK,sirbackbite
c2t9y5,r/casualuk donates to charity round 6 - the nomination thread,"Hello and welcome to Summer (I know, I know).

As you are most likely aware, in April 2018 we set up the /r/CasualUK charity threads to run every quarter. In 2018 we raised over ¬£3,000 for Shelter, CALM and saving the hedgehogs and we kicked off 2019 with the trussell trust and MIND.   

Right, the rules:

- The charity will be chosen each quarter by yourselves. Once a charity has been chosen by r/casualuk it may not be the subs charity again. We want our support to reach as far as possible rather than just cycling through the same charities time and time again. 


- Please use this thread to nominate your chosen charities. **Please include a few lines to explain why this charity is important to you. Please also provide a link to the charity.**

- It must be a **registered charity** and It must be **UK based**.

- The top ten nominations (decided by upvotes) will then go into a strawpoll where we determine the overall winner. Once we have a winner for that quarter, we will create a JustGiving page and have a final thread for donations.

- If you wish to donate to that particular charity, please give whatever you feel comfortable with but as a guideline, we think it would be fantastic if we could donate the cost of a pint in our local.

- **Please no debating the rights / wrongs of a particular charity or the means of donating the cash via justgiving**.

So please get nominating/upvoting your favourite charities in the comments. The top 10 will progress to the next voting stage.",https://www.reddit.com/r/CasualUK/comments/c2t9y5/rcasualuk_donates_to_charity_round_6_the/,1561017778.0,94,0.97,74,CasualUK,GFoxtrot
c2t6fe,Beautiful roman bridge and river overgrown with plants in Chester,,https://i.redd.it/vxx46nuavg531.jpg,1561016948.0,78,0.95,10,CasualUK,artsyflamingo
c2simx,"Um, no thanks.",,https://i.redd.it/8epwyauugg531.jpg,1561012083.0,300,0.97,30,CasualUK,cbxcbx
c2rvzc,Found this in a second hand video game shop in Vancouver... got weirdly home sick,,https://i.redd.it/c2ir9bmp3g531.jpg,1561007662.0,1130,0.99,94,CasualUK,sukatto
c2q1ht,"""Shall we take the money Tony?"" ""Nah, just take the inflatable fire extinguisher!""",,https://i.redd.it/jn1gb94t5f531.jpg,1560996260.0,70,0.95,17,CasualUK,SPICEDRUMANDCOKE
c2orsg,Went to a chippy and this thing was so big it asked me for about three fiddy,[deleted],https://i.redd.it/dz27oyedke531.jpg,1560989052.0,67,0.89,21,CasualUK,[deleted]
c2omft,Desperate times call for desperate measures,,https://i.redd.it/f5rtjh8uhe531.jpg,1560988201.0,107,0.92,36,CasualUK,vatased
c2mpuz,So difficult to eat with these seagulls staring deep into my soul...,,https://i.redd.it/gqth6iisod531.jpg,1560978486.0,178,0.97,14,CasualUK,Mr_SnuffleSnout
c2mi28,Got a kitten. He is pretty active at night...,,https://i.imgur.com/azHvxKb.jpg,1560977362.0,506,0.97,23,CasualUK,Jonsend
c2mc0d,Its Coming Home,[deleted],https://i.redd.it/1hkzp774jd531.jpg,1560976536.0,8412,0.95,194,CasualUK,[deleted]
c2ljam,Totally worth the 4 hour drive,,https://i.imgur.com/yAWrVpk.jpg,1560972818.0,338,0.99,43,CasualUK,phillipseery
c2kvwi,KFC do Chameleons now.,,https://i.imgur.com/C0R9xfX.jpg,1560969731.0,449,0.96,41,CasualUK,Wilkoman
c2k0ji,It was so clear in the Lake District today that I could see right across the Solway into Scotland and even make out the Isle of Man in the far distance.,,https://imgur.com/LEZwJPL,1560965631.0,1094,0.99,63,CasualUK,Emsicals
c2jql6,"Over half way through the year, what‚Äôs been the biggest disappointment for you so far?","For me, it was buying a box of Kellogg‚Äôs coco pops for the first time in years, only to be savagely disappointed by the new recipe that‚Äôs ruined my childhood favourite cereal üò∞

#bigDis19",https://www.reddit.com/r/CasualUK/comments/c2jql6/over_half_way_through_the_year_whats_been_the/,1560964333.0,56,0.9,163,CasualUK,disfunkd
c2jktq,Finally getting nice in the evening. Cumbria.,,https://i.redd.it/6vaflvtjgc531.jpg,1560963571.0,118,0.96,7,CasualUK,UnicornReality
c2j5vs,Don't forget to take your vacuum cleaner for a quick walk in the lovely weather we're having!!!,,https://i.redd.it/b0xf31fnac531.jpg,1560961570.0,3852,0.95,156,CasualUK,huntingpenfold
c2i2lg,"Alright pal, Where's the nearest Tree.. bursting for a piss here mate.",,https://i.redd.it/912a69qgub531.png,1560956125.0,86,0.92,3,CasualUK,aff_it
c2hxp2,Tescos is now selling Sandisk Alcohol,,https://i.redd.it/zmtizx7dsb531.jpg,1560955424.0,145,0.94,29,CasualUK,Soluchyte
c2h2m7,School gave my daughter a green card for being good. Minimum effort was acheieved on that day. Not even filled out haha.,[deleted],https://i.redd.it/ckog9sdkeb531.jpg,1560950780.0,57,0.9,5,CasualUK,[deleted]
c2gn01,Why are the crisps in my local co-op refridgerated?,,https://i.redd.it/1rekcrow5b531.jpg,1560948414.0,198,0.98,53,CasualUK,Sku
c2gjdb,Is there a better ‚ÄúI‚Äôm bored‚Äù fallback programme??,,https://i.imgur.com/M1iLDSO.jpg,1560947666.0,328,0.93,179,CasualUK,biggysnax
c2gclq,"I'll never fit in that, Table Table",,https://i.redd.it/30t3hv77ya531.jpg,1560947145.0,75,0.89,7,CasualUK,CupofStea
c2g9s6,So they‚Äôre repainting the canal bridge ...,,https://i.redd.it/16c1kh5wva531.jpg,1560946797.0,127,0.97,10,CasualUK,garymcadam
c2fafz,This sleeping fox in my neighbour's garden,,https://i.imgur.com/2rWdYcy.jpg,1560939457.0,413,0.99,19,CasualUK,AdhesiveHagfish
c2f8ac,NO! OH GOD! PLEASE GOD NOOOO!! James Corden considering quitting US to return to UK,[removed],https://www.reddit.com/r/CasualUK/comments/c2f8ac/no_oh_god_please_god_noooo_james_corden/,1560939016.0,377,0.93,108,CasualUK,cowbap
c2eqp1,"Americans have re-made Gavin and Stacey, and it's terrible",,https://v.redd.it/9tek96yz3a531,1560935151.0,164,0.93,135,CasualUK,sonicsilver427
c2emk8,This car is always causing trouble,[deleted],https://v.redd.it/rsvt6gs71a531,1560934211.0,130,0.88,18,CasualUK,[deleted]
c2eh0p,"My dad was renting out a house in Liverpool to a quiet, unassuming, middle-aged Chinese guy. Never had any issues. The guy suddenly took off one day, leaving behind some goodies in the loft.",,https://i.redd.it/aihnkb9dx9531.jpg,1560932890.0,11214,0.97,510,CasualUK,fishman47
c2easq,"Having grown up in the pre-homogenised milk era, I still shake my milk bottles before pouring. What weird habits that are no longer necessary do you do?","Every time I do it, I even say to myself ""you don't need to do this"", but it's such an instinctive reaction, I can't help it.

Bonus points for saying ""it's like Blackpool Illuminations in here"" when someone turns the big light on in the living room.",https://www.reddit.com/r/CasualUK/comments/c2easq/having_grown_up_in_the_prehomogenised_milk_era_i/,1560931459.0,123,0.98,169,CasualUK,vbloke
c2e8xd,No,,https://imgur.com/32jt4yn,1560931038.0,87,0.89,50,CasualUK,YouShouldntSmoke
c2du4y,2019: the road works have hashtags,,https://imgur.com/Pl1f24u,1560927803.0,287,0.98,27,CasualUK,laura-rose
c2bsv3,The in-laws have arrived üòÉ,,https://i.redd.it/oyupcj30d8531.jpg,1560913949.0,88,0.91,52,CasualUK,emailrob
c2a0v6,"this is my great grandad and his parents, photographed in a studio in the same town I am living in right now.",[deleted],https://i.redd.it/37ty9oulh7531.jpg,1560903428.0,191,0.95,21,CasualUK,[deleted]
c2924n,"Growing up, other kids used to make fun of me because I looked like the original Bob the Builder. While working in the field, they gave us these hard hats so I thought I‚Äôd take a selfie for the boys back home.",,https://i.redd.it/19f2nuir86531.jpg,1560897965.0,115,0.84,11,CasualUK,phartsinthewind
c28ff1,It just gets worse the further down you read,,https://i.redd.it/jfz19x7tr6531.jpg,1560894699.0,261,0.98,10,CasualUK,Fluffanutz
c26cm3,"Spotted at York: I have no idea what ""Destroyer"" is but it looks great",,https://i.redd.it/72rd1301y5531.jpg,1560884689.0,131,0.99,62,CasualUK,C_von_Hotzendorf
c2623j,Donation 12 complete!,,https://imgur.com/igwuMYo,1560883293.0,209,0.87,90,CasualUK,Bearmodulate
c2618a,Are you really British if you don't buy one of these when they are on offer for a quid?,,https://i.redd.it/a0kswlijt5531.jpg,1560883178.0,16583,0.93,933,CasualUK,Pigg1337
c25wpk,Whenever I randomly remember these and talk to someone about them they think I'm mental.,,https://imgur.com/2fHo9Un,1560882592.0,92,0.94,44,CasualUK,eca3617
c24xkz,"This monster slug that came out after the rain. TV remote for scale (sorry, no bananas)",,https://i.imgur.com/tdKZvpm.jpg,1560878023.0,134,0.98,48,CasualUK,Travisparagus
c24tfd,A normal English summer in the UK,,https://i.redd.it/3a1rzljmc5531.jpg,1560877489.0,2512,0.98,155,CasualUK,RK142
c24fu3,Spending my day off in the beautiful Bodnant Gardens üåπ,,https://i.imgur.com/3WGAKIO.jpg,1560875679.0,214,0.99,5,CasualUK,suexo
c24erp,When you have pizzas to deliver and can‚Äôt deal with the traffic being slow...,,https://v.redd.it/9k2flqcq65531,1560875543.0,72,0.96,21,CasualUK,ohapineapple
c245fb,"Help, I've split my trousers!","It's just after 5pm and as such I am about to leave work and get the bus home. Lucky me.

The only problem is that around 2pm today, whilst enjoying the company of several of my colleagues, I bent over to retrieve some loose paperwork. Unfortunately this was accompanied by a clear, crisp ripping sound as my outside trouser leg split from arsecheek to calf muscle. Mortified, I barreled upstairs, dodging questioning looks from the company directors as I sought sanctuary in my office.

Following a frantic search online, a good piece of advice seemed to be to put on the offending trousers inside-out, and staple the seam before reversing them. I very stealthily made my way to the men's room to do this, office stapler in hand. Feeling quite pleased with my haphazard job, I went to tie my shoelaces and get on with the rest of my day. At this point around twenty staples pinged off around the cubicle, leaving me just as exposed as when I started.

I don't quite think I can walk around Hull city centre like this without attracting attention, so I think I might try to cajole my dad into picking me up. Any other advice?",https://www.reddit.com/r/CasualUK/comments/c245fb/help_ive_split_my_trousers/,1560874268.0,150,0.97,54,CasualUK,MauledByTheTigers
c2403t,Not a bad way to spend a Tuesday afternoon,,https://i.redd.it/6a9gqpzy05531.jpg,1560873578.0,330,0.98,30,CasualUK,doggosRlyf
c221ir,Photo over Sheffield of yesterdays bipolar weather.,,https://imgur.com/7GBDIEk,1560863307.0,54,0.9,3,CasualUK,Jiggonaut
c21evx,I knew that I shouldn't have taken the Rolls today...,,https://i.imgur.com/XlkosNi.jpg,1560859459.0,99,0.98,9,CasualUK,ptegan
c2145j,The folks at the BBC asking the big questions,,https://i.redd.it/7nvywdmxo3531.jpg,1560857416.0,134,0.96,55,CasualUK,edawrevilo
c20rcj,Damn these drug drivers,,https://i.redd.it/3blu443ph3531.jpg,1560854979.0,339,0.99,17,CasualUK,kianaviation
c20rcc,Jamie Oliver No Longer Owns Any Restaurants in the U.K.,,https://london.eater.com/2019/6/14/18678784/jamie-oliver-sold-three-restaurants-kpmg-ssp-gatwick-airport,1560854978.0,68,0.92,68,CasualUK,londonstuff
c20jjr,Oh for fuck sake... If this doesn‚Äôt sum up where I live nothing will.,[deleted],https://i.redd.it/5okmtv0yc3531.jpg,1560853384.0,102,0.98,41,CasualUK,[deleted]
c20in5,Loud speaker? Never heard of it.,,https://i.redd.it/b5lir5bdc3531.jpg,1560853196.0,102,0.97,11,CasualUK,PartTimer91
c209sa,Cheltenham Town Hall events seem to be encouraging you to enjoy ham.,,https://i.redd.it/z0oy8cu173531.png,1560851425.0,63,0.93,18,CasualUK,vbloke
c1zwdj,Early morning cycle to work,,https://imgur.com/5XckLcj,1560848463.0,59,0.96,6,CasualUK,echoesreach
c1zp36,Who remembers paying 3p for a tin of beans ?,,https://i.redd.it/ghlj8sb5t2531.jpg,1560846725.0,235,0.97,84,CasualUK,ur_mom_n_i
c1zh7g,"Warburtons, your bread is great but it doesn't fit in my toaster.",,https://imgur.com/LmcJI5o,1560844852.0,1028,0.97,183,CasualUK,JoanneKerlot
c1zf00,On the train to Glasgow,,https://i.redd.it/ox9wvps2m2531.jpg,1560844342.0,59,0.97,1,CasualUK,redditusertjh
c1yska,Who has read this series? I found it in a charity shop.,,https://i.redd.it/b6mvn0tv72531.jpg,1560839571.0,75,0.94,33,CasualUK,tattoogirl22988
c1yrja,St. Paul‚Äôs Cathedral from another perspective :),,https://i.redd.it/zyd9eah872531.jpg,1560839365.0,88,0.8,18,CasualUK,andrewgardnr
c1ycbp,"Doing my exams as a mature student today, wish me luck!","Mods please delete if not allowed etc, just thought I‚Äôd share with one of my favourite subs.

Will be patronising the local spoons with a vengeance after I‚Äôm finished on Thursday",https://www.reddit.com/r/CasualUK/comments/c1ycbp/doing_my_exams_as_a_mature_student_today_wish_me/,1560836325.0,58,0.91,15,CasualUK,Spambop
c1ssf6,"Following on from u/kevinchrist‚Äôs mate inexplicably leaving Tracy Island in a charity shop, here‚Äôs my collection",,https://i.redd.it/scob0brz9z431.jpg,1560803962.0,203,0.99,51,CasualUK,jhughes1986
c1spt6,I'll have a B please Bob.,,https://i.redd.it/8dpzifiz8x431.jpg,1560803625.0,79,0.96,9,CasualUK,b00n3d
c1sdnp,What‚Äôs a scene from tv/a film you‚Äôll always remember as a gobsmacking moment?,"Just a bit of casual chat.
I‚Äôm rewatching Doctor Who and came across the scene where we find out who the Face of Boe really is. I never seen it coming when I watched it for the first time.

I remember sobbing my wee heart out. I had that exact same feeling again rewatching it tonight.",https://www.reddit.com/r/CasualUK/comments/c1sdnp/whats_a_scene_from_tva_film_youll_always_remember/,1560801984.0,67,0.95,298,CasualUK,ChocolateSnowflake
c1s5g5,Gang problem in Newcastle is getting worse. Steered well clear of this lot.,,https://i.imgur.com/4odG9rR.jpg,1560800888.0,58,0.97,10,CasualUK,ahrimaniac
c1rilz,"My planned fortnight of camping is only going to be four nights of camping. Weather had better behave itself, I‚Äôm back in work on Saturday.",,https://i.imgur.com/drN6nmn.jpg,1560797843.0,75,0.97,11,CasualUK,Squirrelsroar
c1rguc,Saw Prince Harry whilst I was out shopping.,,https://imgur.com/mew61e5.jpg,1560797607.0,164,0.97,8,CasualUK,featurenotabug
c1rg0l,Hmm...,,https://v.redd.it/imx7rfqrlw431,1560797502.0,107,0.86,5,CasualUK,[deleted]
c1r83m,Weirdest UK Street names anyone?,,https://i.redd.it/zcrww5ekny431.jpg,1560796415.0,89,0.96,44,CasualUK,Pillowussey
c1r1q0,Durham Catherdral; I graduate soon and will lose the view of this beautiful building (OC),,https://i.redd.it/78x4a4gsky431.jpg,1560795568.0,94,0.98,15,CasualUK,Themunchiekid
c1py9d,The moment I realised my dad‚Äôs girlfriend had officially moved back in.,,https://i.redd.it/959cw2xp5y431.jpg,1560790416.0,315,0.98,66,CasualUK,jamiecalladine
c1pq6e,My sticker finally arrived üòÖ,,https://i.redd.it/6f73240i2y431.jpg,1560789332.0,239,0.9,34,CasualUK,TGC_2802
c1palj,Squishy thing on the beach on the Isle of Wight. The fuck is this lads? Its bleeding purple.,,https://i.redd.it/uxf5n0njwx431.jpg,1560787337.0,58,0.95,43,CasualUK,ABCDOMG
c1pafy,Just found the holy bible hidden in my room,,https://i.redd.it/pty3h3zhwx431.jpg,1560787315.0,133,0.97,18,CasualUK,Trundle-The-Gr8__
c1ot7r,Missing Person - Michael Smith has been missing for 6 days now,[deleted],https://i.redd.it/trj7ybvjpx431.jpg,1560784977.0,141,0.97,12,CasualUK,[deleted]
c1omo1,My breakfast and breakfast for geese look so similar. Oh my god I'm a bloody goose.,,https://i.redd.it/zh34fy4qmx431.jpg,1560784056.0,503,0.98,33,CasualUK,anagoge
c1ognk,Who remembers this relic,,https://i.redd.it/w9i00x51fw431.jpg,1560783230.0,645,0.98,46,CasualUK,frazzydazzle
c1ogj4,So apparently Kellogg‚Äôs Announced New White Chocolate Coco Pops...,,https://i.redd.it/iyi4lu0bkx431.png,1560783213.0,56,0.94,31,CasualUK,JellyBunnyx
c1nsma,My mate Wayne Bruce‚Äôs new company,,https://i.redd.it/oqk91xru9x431.jpg,1560779698.0,266,0.97,26,CasualUK,domkni
c1nl9y,The new office spoon is causing quite a stir.,,https://i.redd.it/u2j5ukx96x431.jpg,1560778495.0,105,0.93,11,CasualUK,tomkeys78
c1na99,The image isn‚Äôt the best I‚Äôve ever taken but I was so happy to have been able to see an otter in the wild for the first time! If you zoom in as well you can see this lil fella carrying an entire duck in its mouth!,,https://i.redd.it/84mzw7gv0x431.jpg,1560776715.0,92,0.99,33,CasualUK,UnpreparedSugar
c1n8qp,New Sherlock Holmes 50p. Pretty damn cool.,,https://i.redd.it/vzbtyx1a0x431.jpg,1560776479.0,573,0.99,59,CasualUK,Midgetgamer1
c1mruq,Something tells me they REALLY don‚Äôt want to deliver.,,https://i.redd.it/9prjfn8erw431.jpg,1560773490.0,113,0.99,17,CasualUK,[deleted]
c1mlbx,New hedgehog road sign coming soon,,https://www.bbc.co.uk/news/uk-48660420,1560772271.0,68,0.99,10,CasualUK,GFoxtrot
c1mkco,Morrison's labelling on point,,https://i.redd.it/6f4jmn25nw431.jpg,1560772075.0,66,0.93,11,CasualUK,Carlospicyweenaa
c1mivn,Rainbow cloud!,,https://i.redd.it/kux1mngamw431.jpg,1560771773.0,134,0.99,10,CasualUK,bonster85
c1m7hz,The London Metal Exchange is the last exchange in Europe to use Open Outcry trading (what you might have seen in films from the 80s and 90s where traders yelled deals at each-other and relied on hand signals and stubs).,[deleted],https://i.redd.it/sgnkciti7w431.jpg,1560769439.0,277,0.98,31,CasualUK,[deleted]
c1lxmj,A nice easy Monday for this lollipop lady,,https://i.redd.it/vlit87uy8w431.jpg,1560767292.0,1547,1.0,98,CasualUK,Snortmaiden
c1luip,Contender for ultimate mug,,https://imgur.com/GZRiZjU.jpg,1560766598.0,72,0.88,30,CasualUK,featurenotabug
c1lm7j,"Steak restaurant in Bolton, Lancashire",,https://i.redd.it/0rtyna5e1w431.png,1560764744.0,170,0.98,36,CasualUK,hapispark
c1ll3l,Cooking from the pub üëç,,https://i.redd.it/fzukz0um0w431.jpg,1560764491.0,151,0.96,44,CasualUK,Lewigg
c1kzu3,Finally some van graffiti that reflects my Monday‚Äôs,,https://i.imgur.com/wUICwni.jpg,1560759369.0,152,0.98,2,CasualUK,nylon_
c1kme1,My mate spotted this in a charity shop window....,,https://i.redd.it/171vhqrpbv431.jpg,1560756133.0,17245,0.95,731,CasualUK,KevinChrist
c1k654,Never letting the gf cut a loaf in ‚Äòhalf‚Äô again.,,https://i.redd.it/lzouxmcx0v431.jpg,1560752482.0,61,0.86,22,CasualUK,lodge28
c1fo09,Coventry.,,https://i.imgur.com/njAXhJB.jpg,1560723026.0,118,1.0,22,CasualUK,DylanP93
c1f2m1,We got married 3 weeks ago and a fellow regular at my local bought us a bottle of pub prosecco to celebrate. Absolute (70+ years old) lad.,,https://i.redd.it/ox4nz4snbs431.jpg,1560719784.0,130,0.93,20,CasualUK,eddthered86
c1edjg,"Found this tree halfway up a very small mountain (or a very big hill, not quite sure), thought I'd share it.",,https://i.redd.it/y9o1dsmr0s431.jpg,1560716106.0,105,0.96,13,CasualUK,eco78
c1dwbl,Nothing say British Summer like baby Peacocks,,https://v.redd.it/888n1ct4tr431,1560713592.0,138,0.97,18,CasualUK,tris34
c1dp6y,Oh you silly ...,[deleted],https://i.redd.it/j1s0pemaqr431.jpg,1560712585.0,205,0.99,13,CasualUK,[deleted]
c1dnf5,Snowdonia.... Speaks for itself.,,https://i.redd.it/racismakpr431.jpg,1560712338.0,67,0.93,5,CasualUK,eco78
c1djpj,Had the BBQ arranged weeks ago.. so we did it anyway in true British fashion.,,https://i.redd.it/2ki1tuhznr431.jpg,1560711813.0,66,0.97,4,CasualUK,Major-Peanut
c1dj1c,Searched my new place on Google Maps. This is my bedroom's window.,,https://i.redd.it/7oa1wsypnr431.jpg,1560711719.0,523,0.99,8,CasualUK,checkyeslinda
c1d909,"Men's loos at the Spice Girls, Wembley",,https://i.redd.it/hz56b5lcjr431.jpg,1560710251.0,542,0.97,56,CasualUK,thombutler
c1ci74,The girl on this junk mail from BT is absolutely terrifying,,https://imgur.com/gfhPHyx,1560706385.0,105,0.94,4,CasualUK,OnePlayerReady
c1bsmh,"""I dont know my way, I'll just follow through after you.""",,https://i.redd.it/jngnt9zkwq431.jpg,1560702592.0,438,0.99,9,CasualUK,thewargingned
c1bl66,Ticket barriers at South Parkway now accept head scratches.,[deleted],https://i.imgur.com/TqBYjFj.jpg,1560701474.0,10998,0.97,143,CasualUK,[deleted]
c1bh94,"Sandwiches for sale, London 1972. What do you fancy?",,https://i.redd.it/v4awme6jrq431.jpg,1560700901.0,1295,0.99,256,CasualUK,Rooferkev
c1b89m,Absolutely incredible to see this Hummingbird Moth in the garden today,,https://v.redd.it/g1sy6rfenq431,1560699542.0,314,0.99,37,CasualUK,Enthusiastic_Kitten
c1aplq,Visiting my favourite aircraft at Newark Air Museum. Avro Vulcan XM594. Newark is a fantastic museum.,,https://i.redd.it/eat2mj2xeq431.jpg,1560696652.0,85,0.96,26,CasualUK,macnerd93
c1anjg,Gotta bloody love Pembrokeshire.,,https://i.redd.it/8o29xojddq431.jpg,1560696324.0,176,0.98,16,CasualUK,Bourne_Free
c1a1mc,We need to help get this guy his flag back!,,https://i.redd.it/9k42olov5p431.jpg,1560692757.0,209,0.97,10,CasualUK,NotADrug-Dealer
c19ua1,"I am impressed, thanks kids.",,https://i.redd.it/a90qotuazp431.jpg,1560691404.0,138,0.91,19,CasualUK,paranoid-darksoul
c19u6k,Found in my uni's computer lab. If only other compsci students seemed to get the message...,,https://i.redd.it/3gbrcrf1zp431.jpg,1560691388.0,474,0.98,65,CasualUK,BlueSoup10
c19jrk,The card I got my dad this year.,,https://i.redd.it/gqpxdzsdtp431.jpg,1560689442.0,95,0.91,7,CasualUK,wilof
c19c8l,Ice cream van in Filey knows what we're all after,,https://i.redd.it/2thzam0uop431.jpg,1560687909.0,429,0.98,41,CasualUK,KarenFromAccounts
c19492,"if you mixed a cup of tea and childhood nostalgia together, this would be it.",,https://i.redd.it/92lcmh6njp431.jpg,1560686148.0,72,0.94,13,CasualUK,Otherwise_Layer
c192k8,Just bought the holy grail of sofas.,,https://i.redd.it/ifjwc7yeip431.jpg,1560685722.0,275,0.93,79,CasualUK,CertifiedHalfwit
c18uyk,Forgot it's father's Day. Only place open in town. Thank god me dad likes power tools,,https://i.redd.it/bnin0x70dp431.jpg,1560683905.0,56,0.9,15,CasualUK,RedShift777
c18q9e,"Beautiful old roofs, Rye, East Sussex",,https://i.redd.it/eclhrlcl9p431.jpg,1560682758.0,122,0.96,8,CasualUK,captain-marvellous
c18k7i,"Literally the most Somerset thing ever. Cider and cheese festival, plus a band, in a tent, in the pissing rain.",,https://i.imgur.com/kgLmFZR.jpg,1560681165.0,324,0.98,16,CasualUK,Sniper_Guz
c18hit,"Ahh yes, home sweet home!",,https://i.redd.it/01ln1c8u2p431.jpg,1560680484.0,225,0.97,14,CasualUK,RadiiDecay
c18g2e,I am the chosen one in Spoons!,,https://i.redd.it/mjj2lu3o1p431.jpg,1560680112.0,879,0.96,59,CasualUK,adamsojba
c18ear,I feel sorry for the person who needs one of these. The woman's face says it all.,,https://imgur.com/KZ36dK0.jpg,1560679668.0,84,0.94,19,CasualUK,featurenotabug
c18da1,The Turdis with the best view. Might be tempted to drop my kids at the pool with the door open.,,https://imgur.com/G5ssCsn,1560679400.0,113,0.94,7,CasualUK,Bagelsontoast
c18ask,Bird experts assemble... What type of bird do I have here?,,https://i.redd.it/uuwil8hlxo431.jpg,1560678759.0,171,0.97,63,CasualUK,fyrflyeffect
c17nvz,Sunrise in wales !,,https://i.redd.it/jgecesq4fo431.jpg,1560672511.0,126,0.97,5,CasualUK,poppyoxymoron
c17htx,The difference between father's day and mother's day.,,https://i.imgur.com/wNz89bj.jpg,1560670888.0,407,0.96,36,CasualUK,DylansDad
c17fnw,Happy Father's Day to me.... I guess,,https://i.redd.it/wijakokm8o431.jpg,1560670324.0,60,0.9,1,CasualUK,tomo1986uk
c17d34,Chris Packham and Terry Nutkins look like they're about to drop the hottest progressive techno white label of 1990,,http://imgur.com/DS7Th9S,1560669616.0,6191,0.94,215,CasualUK,[deleted]
c17cr5,"Spitfire &amp; Hurricane over Temple Island. Henley Royal Regatta, Henley-on-Thames Oxfordshire",[deleted],https://i.redd.it/0cdsjo496o431.jpg,1560669531.0,276,0.97,19,CasualUK,[deleted]
c179h9,"I think it belongs to here, Raleigh Chopper MK3 in a very chopper style, picked up from car boot just this morning.",,https://i.redd.it/ua6nuh6k3o431.jpg,1560668675.0,72,0.93,16,CasualUK,sazabi2001
c13x77,"The order progress screen at McDonalds started going funny, then bluescreened today at a very busy time. There was a resounding ""Waheeeeyy!"" from a surprisingly large amount of the crowd. Haven't heard this since a kid dropped his plate in the primary school lunch hall.",,https://www.reddit.com/r/CasualUK/comments/c13x77/the_order_progress_screen_at_mcdonalds_started/,1560643727.0,72,0.96,13,CasualUK,TheAmazingPikachu
c13x1k,British summer time...,,https://i.redd.it/ou9co1jf1m431.jpg,1560643704.0,614,0.99,25,CasualUK,spacehopper47
c137rg,It‚Äôs raining in June.,,https://i.redd.it/iiovo6sfol431.jpg,1560639318.0,115,0.96,19,CasualUK,Fniley
c12ode,PSA - You can buy mini Viennetta on a stick.,,https://i.redd.it/su7qykimel431.jpg,1560636019.0,165,0.99,22,CasualUK,clifford88
c123k7,And my entry for masterchef: desserts is a tescos waffle topped with a smashed up magnum and maple syrup,,https://i.redd.it/qe27k4he4l431.jpg,1560632594.0,296,0.96,29,CasualUK,CheapSweet
c11nns,Don't be a tosser.,,https://i.redd.it/3ad6shfrwk431.jpg,1560630011.0,184,0.98,17,CasualUK,ssjallen
c11ijs,Went to the toilet and noticed this crime scene in the shower. I'm gutted.,[deleted],https://i.redd.it/1pc3w0iauk431.jpg,1560629181.0,98,0.94,21,CasualUK,[deleted]
c10x1y,Why am I not surprised anymore?,,https://i.imgur.com/Aj3u5xo.jpg,1560625811.0,244,0.98,19,CasualUK,Unikitty20004
c10sh3,Behind the Staff Only door at the restaurant I'm eating in,,https://i.imgur.com/XRO7eo0.jpg,1560625144.0,79,0.97,6,CasualUK,Jaqosaurus
c10gsn,Contender for worst road?,,https://i.imgur.com/BRUMVbB.jpg,1560623366.0,103,0.97,21,CasualUK,IUseVaseline
c0zzau,Euston Station Today - Keeping it Simple,,https://i.redd.it/dkx9u1f45k431.jpg,1560620723.0,179,0.99,13,CasualUK,droog_uk
c0zq75,That‚Äôs one way of looking at it...,,https://i.redd.it/trdps8o21k431.jpg,1560619354.0,9896,0.98,118,CasualUK,bc15romeo
c0zjth,Probably good advice really,,https://i.imgur.com/SRdxmIW.jpg,1560618401.0,60,0.94,4,CasualUK,vaskemaskine
c0zcb7,Tesco Express incorrectly priced ¬£13 blades at ¬£2 so I had to buy 26 packets so now I‚Äôm set for shaving for roughly the next 2 years,,https://i.redd.it/fdv6iyfsuj431.jpg,1560617248.0,3430,0.99,267,CasualUK,_explodingturtle_
c0zbpl,Tough talk at Waitrose.,,https://i.redd.it/3yywyg3juj431.jpg,1560617154.0,2155,0.99,38,CasualUK,KARMA_KUNT
c0z130,Got busted as a CasualUK poster IRL,[deleted],https://www.reddit.com/r/CasualUK/comments/c0z130/got_busted_as_a_casualuk_poster_irl/,1560615519.0,91,0.96,19,CasualUK,[deleted]
c0ymjd,We are having a bbq,,https://i.redd.it/0bul5h34jj431.jpg,1560613318.0,278,1.0,16,CasualUK,tehdeadmonkey
c0yf26,Yep.,,https://i.redd.it/lwdek14lfj431.jpg,1560612128.0,1049,0.95,23,CasualUK,Derb009
c0y42v,"What YouTube thinks Fry is saying, rather than 'Harrogatians'.",,https://i.redd.it/68rjseq6aj431.jpg,1560610423.0,124,0.99,7,CasualUK,Arsewipes
c0y1cy,RIP To these two for fighting against a tin of corned beef. Your lives won‚Äôt be forgotten.,[deleted],https://i.redd.it/cngavwi49j431.jpg,1560609958.0,397,0.98,43,CasualUK,[deleted]
c0y0ww,Spotted these two bad boys hanging out together,,https://imgur.com/O4Px1Bc.jpg,1560609876.0,94,0.89,5,CasualUK,featurenotabug
c0xybs,I had them by default in a council house. The textures ain't that bad :),,https://i.redd.it/r3ch3le26i431.jpg,1560609451.0,676,0.98,98,CasualUK,NimbleDevil
c0xsc5,Meanwhile at Brighton Station,,https://i.imgur.com/wgp3Ic7.gifv,1560608469.0,143,0.97,27,CasualUK,Clockwork765
c0xqxq,I've been to heaven and I'm not coming back,,https://i.redd.it/sqlnmb704j431.jpg,1560608235.0,166,0.95,57,CasualUK,bigfranky145
c0xiqh,I used the emergency door open button an a bus yesterday and let myself and loads of other people get off. My wife wasn't impressed with that story but I feel it's worth telling,,https://www.reddit.com/r/CasualUK/comments/c0xiqh/i_used_the_emergency_door_open_button_an_a_bus/,1560606843.0,89,0.98,22,CasualUK,lizhurleysbeefjerky
c0xdps,Shout out to the single-most terrifying thing you can see on any given day,,https://i.redd.it/q5x6881zwi431.jpg,1560605923.0,96,0.92,51,CasualUK,BITCHES_DIG_KARMA
c0x3x3,Not quite the bathroom furniture I was expecting,,https://i.redd.it/r6vb8wjqri431.jpg,1560604108.0,221,0.99,25,CasualUK,DauntingSky
c0x1zx,A gentle tootle through the forest just turned into an epic 22 mile ride. Not one person failed to say mornin',,https://i.redd.it/hop0b7ycqi431.jpg,1560603739.0,115,0.98,28,CasualUK,Slaeowulf
c0wwih,"""Alright, we've got this lovely walk by the river in Stirling, what should we call it? We need something that really captures Scottish culture.""",,https://i.redd.it/eqt3jhbgni431.jpg,1560602686.0,227,0.99,8,CasualUK,Honesty_Addict
c0wdd9,The most British thing my mum owns,,https://i.redd.it/ktvmfjnzai431.jpg,1560598488.0,142,0.96,32,CasualUK,emmet121234567
c0w41f,"Just saw an American try to pay for coffee in London with Euros, it actually made my day.",,https://www.reddit.com/r/CasualUK/comments/c0w41f/just_saw_an_american_try_to_pay_for_coffee_in/,1560596281.0,313,0.99,109,CasualUK,Trist0in
c0w0l0,Is it too much to ask the Romans to reinvade Britain.,,https://i.imgur.com/sbLl7Kg.jpg,1560595404.0,5812,0.98,95,CasualUK,Splinktor
c0vkub,They stole the doors and seats!,,https://i.redd.it/6mai2wyiph431.jpg,1560591257.0,177,0.99,51,CasualUK,peachturtle18
c0vgnv,Please mind the pole,,https://i.redd.it/ny0r9mtv0h431.jpg,1560590140.0,144,0.89,11,CasualUK,jakuski
c0vfp7,Saturday Kitchen making pizza: ‚ÄúIf you happen to have a bit of truffle oil in the fridge‚Äù. I‚Äôll go have a look...,,https://i.redd.it/7c56ebtilh431.jpg,1560589913.0,730,0.99,122,CasualUK,[deleted]
c0vamq,Not to say the police are fools...,,https://i.redd.it/qru6xovohh431.jpg,1560588625.0,84,0.86,3,CasualUK,Here_2_Comment
c0v929,'Contains fish',,https://i.redd.it/7tv8uveegh431.jpg,1560588191.0,136,0.97,17,CasualUK,not-a-tapir
c0u1cw,This is England.,[deleted],https://i.redd.it/w0z4hkdxkg431.jpg,1560577660.0,152,0.96,38,CasualUK,[deleted]
c0tzwl,Well done Luton,,https://i.imgur.com/RMgVsFG.jpg,1560577363.0,155,0.97,26,CasualUK,icyenvy
c0tj8f,"A place I didn‚Äôt know existed. Burgh Island, Bigbury-on-Sea.",[deleted],https://i.redd.it/usb7vz2c9g431.jpg,1560573739.0,90,0.98,21,CasualUK,[deleted]
c0sryr,Sign I saw on a train last year after we landed in the UK. I knew I'd found my people; it was the most comfortable 6 months of my life.,,https://i.redd.it/2qjtdoswsf431.jpg,1560568323.0,58,0.93,5,CasualUK,Awfully_Awkward
c0qzxb,Found the best badge today,,https://i.redd.it/ddqd30dpte431.jpg,1560556342.0,207,0.98,7,CasualUK,JinxSpidox
c0qqp4,Seen in Norwich,,https://imgur.com/4DiEu1I.jpg,1560554758.0,84,0.99,4,CasualUK,Hescohero
c0pmzl,Found in Malta. Always good to see former colonies embracing British music.,,https://i.redd.it/ak70ycds5e431.jpg,1560548299.0,166,0.99,21,CasualUK,Acid_Baron
c0p7ml,Shout out to the angel that found my wallet and dropped it to me,"Dropped my wallet getting out my mates car last night, didn't even know it was gone when a guy named Alan text me saying he had it, he rang my gym to get my number and told me how much money was in it. 

I was super happy and considered myself incredibly lucky and decided to pass him 20 quid our of the wallet, he refused, I offered ten he refused, I said please take something, but he got on his bike and rode away. 

I decided such a nice thing happening I should do something good. I text him asking for his prefered charities and that I'd like to donate the money I would have given him. He told me his mom died 18 years ago today, and I should thank his parents for raising him right and if possible could I spare a thought or prayer for her, his father and their 6 children. My heart! The wallet I dropped was really important to me as it was my mom's from when I was in her belly, it's sentimental. 

I donated 20 to the nspcc. I just wanted to share what this lovely man did for me, I would've had a breakdown I reckon. And if possible spare a thought or prayer for his family of nice lovely people. 

Thankyou Alan",https://www.reddit.com/r/CasualUK/comments/c0p7ml/shout_out_to_the_angel_that_found_my_wallet_and/,1560545915.0,121,0.99,21,CasualUK,alicemalice12
c0orub,This wheelie bin has the best view in the UK.,[deleted],https://i.redd.it/gnvkn2ghrd431.jpg,1560543489.0,251,0.99,12,CasualUK,[deleted]
c0oiym,Our alternative Father's Day card,,https://i.redd.it/4z1cs3xjnd431.jpg,1560542177.0,98,0.88,22,CasualUK,Laughingboy14
c0o7rt,He got proper pissed off when he realised,,https://i.imgur.com/kQiYY8g.jpg,1560540532.0,290,0.99,8,CasualUK,BluesBoozeTattoos
c0mxd6,Lovely pond in Brighton,,https://i.redd.it/019svc7tyc431.jpg,1560533845.0,109,0.98,8,CasualUK,Jack_yyyy
c0mwqy,Random pic out of the train window.,,https://i.redd.it/nhvhn1tgyc431.jpg,1560533760.0,168,0.96,16,CasualUK,Pancake-Marathon
c0m6vx,Not many food photography options in Sheffield,,https://i.redd.it/iepyav2mnc431.jpg,1560530081.0,68,0.97,9,CasualUK,asmiggs
c0m347,Absolutely nailed my sons dinner tonight.,,https://i.redd.it/g45c6fi0mc431.jpg,1560529544.0,13668,0.92,600,CasualUK,clifford88
c0lg2h,The winner of the /r/CasualUK 'design a flag' competition. Well done to /u/sacrificialPrune.,[deleted],https://imgur.com/a/vvy1mpK,1560526239.0,1135,0.98,73,CasualUK,[deleted]
c0krv6,One half has cream first and the other half has jam first. Come at me.,,https://i.redd.it/b2upslkm1c431.jpg,1560522698.0,120,0.92,110,CasualUK,ExploreEdinburgh
c0khy0,The Sinhaman has Parkinson‚Äôs,[deleted],https://www.telegraph.co.uk/news/2019/06/14/chase-star-paul-sinha-will-fight-every-breath-have-reveals-has/,1560521237.0,105,0.98,7,CasualUK,[deleted]
c0kh4i,Anyone else get deeply offended when different flavoured crisps are mixed into one bowl at a party? (I mean who even likes cheese and onion?),,https://www.reddit.com/r/CasualUK/comments/c0kh4i/anyone_else_get_deeply_offended_when_different/,1560521117.0,79,0.84,42,CasualUK,Welly_Beans
c0k9a8,My husband mentioned a few days ago that he misses the coffee cream buns from Greggs. I had a go at making one as a surprise.,,https://i.redd.it/wgl16grgsb431.jpg,1560519863.0,649,0.98,63,CasualUK,squirrelbane83
c0jzam,I just wanted to share some personal good news....,"I passed my driving test! Fifth attempt, first test I've taken since I changed instructors and additionally the first test I've taken since last summer. 

I've been driving around doing errands since 12pm, it feels incredibly liberating!",https://www.reddit.com/r/CasualUK/comments/c0jzam/i_just_wanted_to_share_some_personal_good_news/,1560518205.0,156,0.94,40,CasualUK,scisteve
c0jue4,Just had 3300 bags of tea delivered to the site I‚Äôm working on. There‚Äôs only five of us here and only two drink tea!,,https://i.redd.it/e2mdzgvtlb431.jpg,1560517390.0,355,0.97,84,CasualUK,Nitro_Benzene
c0jt15,"What actor has most surprised you, turning up in a role so divergent to what you know them for?","I just started watching Chernobyl, and Paul Ritter turned up as an engineer. I know him from the sitcom Friday Night Dinner, where he plays Martin, a funny, deaf dad who mostly walks around with his shirt off, referring to chicken dinner as 'a lovely bit of squirrel', and dating prospects for his son as 'females'.

[Martin's best bits](https://www.youtube.com/watch?v=gnGqz4RWKf8)",https://www.reddit.com/r/CasualUK/comments/c0jt15/what_actor_has_most_surprised_you_turning_up_in_a/,1560517168.0,60,0.97,118,CasualUK,derawin07
c0jqfr,Amazon having a little dig at Stagecoach,,https://i.redd.it/5v0l6cotjb431.jpg,1560516700.0,418,0.96,25,CasualUK,Nathan380
c0jom3,"Two Great English Pastimes, Queuing and Fish &amp; Chip Museums.",,https://v.redd.it/kka4iixthb431,1560516381.0,120,0.98,15,CasualUK,EverydayApocalypse28
c0jd4h,Going through the menu at the pub and.... Ok,,https://v.redd.it/62naei4ibb431,1560514261.0,136,0.97,23,CasualUK,terranovas4u
c0jb98,There were 6 cookies instead of 5 in Asda‚Äôs. What a blessed day,,https://i.redd.it/hqgk15ekbb431.jpg,1560513923.0,2183,0.99,86,CasualUK,Ricebtman4
c0j8vs,"Just spotted this on Nightmare Tennants, Slum Landlords",,https://i.imgur.com/FmqJv9T.jpg,1560513487.0,275,0.99,23,CasualUK,Wildf1re07
c0j7sz,I mean I think I could take a monk,,https://i.redd.it/m7f753ug9b431.png,1560513269.0,104,1.0,41,CasualUK,Andywhatnow
c0iw4n,M5 Torrential rain and the roof down,,https://i.redd.it/uqqi4m2v2b431.jpg,1560510997.0,265,1.0,38,CasualUK,slothsan
c0iuk6,This bloke with a Primark bag on his head in the rain.,,https://i.redd.it/9tf6eqvs1b431.jpg,1560510673.0,3111,0.99,146,CasualUK,PretendHead
c0hxqw,A worthy replacement for the Sports Direct mug?,[deleted],https://i.redd.it/u5j6w7e6ga431.jpg,1560503383.0,319,0.99,44,CasualUK,[deleted]
c0hbpn,"Weeks ago upon this very subreddit, I saw proof of sorcery, when a bourbon was dissected without damage to its soft, creamy centre, and thus I set out on my training. Today, I join the ranks of the blessed, with my creamy centre of a custard cream.",,https://i.redd.it/6ropqh1hz9431.jpg,1560497748.0,366,0.98,44,CasualUK,portugueasey
c0h3zn,Someone didnt want us parkig here,,https://i.imgur.com/2PXop10.jpg,1560495972.0,115,0.98,10,CasualUK,[deleted]
c0gr1z,Today is Whit Friday! Got nothing better to do? Come and have a pint in Saddleworth/ and Tameside while watching a thousand insane musicians get soaked in the rain,,https://i.redd.it/hj3afj7ul9431.jpg,1560493162.0,65,0.93,21,CasualUK,Crippled_Potato
c0gp8m,I‚Äôm well and truly living it up this morning! Off down to London on the Flying Scotsman service.,[deleted],http://imgur.com/X4k7k4U,1560492747.0,9367,0.96,261,CasualUK,[deleted]
c0ciip,I think you will find that apologize is the American spelling of the verb apologise,,https://i.redd.it/yvjahw3ac7431.jpg,1560465734.0,162,0.97,22,CasualUK,LewisMNorth
c0bsh1,"Na na na na na na na na, Na na na na na na na na...",,https://i.redd.it/oeyspa0y07431.jpg,1560461923.0,72,0.97,6,CasualUK,Mickeyhoohaa
c0bp66,Love my city,,https://i.redd.it/s8x4rnhkz6431.jpg,1560461460.0,615,0.98,39,CasualUK,philthehat
c0bh44,Making up questions on the Chase must be great fun.,[deleted],https://imgur.com/lqU5dXo,1560460336.0,85,0.98,12,CasualUK,[deleted]
c0b8zc,Why does Prince Charles love going to the dentist?,It's the one place he can get a crown,https://www.reddit.com/r/CasualUK/comments/c0b8zc/why_does_prince_charles_love_going_to_the_dentist/,1560459182.0,87,0.93,5,CasualUK,LordCockSplat
c0apgl,My dad brought me back some essentials from the UK,,https://i.redd.it/vl4m5xdtk6431.jpg,1560456512.0,145,0.98,41,CasualUK,puppystrangeluv
c0apb8,The England language üòÇ,,https://i.redd.it/z3n99ghi35431.jpg,1560456492.0,450,0.92,34,CasualUK,[deleted]
c0al32,"Jesus Christ London. I asked for a cup of tea not the set of Downton Abbey. Still, good show.",,https://imgur.com/bsvQ6Lj,1560455937.0,206,0.96,17,CasualUK,pseudogentry
c09ofh,To Che to you.,,https://i.redd.it/43q8qhhx56431.jpg,1560451492.0,126,0.96,5,CasualUK,baodur086
c08uwi,The marketing geniuses at WHSmiths are at it again,[deleted],https://i.imgur.com/MWzm4tn.jpg,1560447632.0,113,0.97,12,CasualUK,[deleted]
c08t14,Technology that time forgot - Lord Sugar‚Äôs E-Mailer,[deleted],https://i.redd.it/mn2mk3gpt5431.jpg,1560447381.0,70,0.97,39,CasualUK,[deleted]
c08s9y,"The balancing rocks of Brimham Rocks, Yorkshire",,https://i.redd.it/f2pv6iket5431.jpg,1560447278.0,124,0.99,19,CasualUK,allthekos
c08alm,"Great way to keep the beaches clean! (Dornoch Beach, Highlands)",,https://i.redd.it/34arrglgm5431.jpg,1560444947.0,122,0.99,14,CasualUK,MilkySteps
c07zdt,All aboard the bus to see the Great Old Ones.,,https://i.redd.it/aadj6icxh5431.jpg,1560443435.0,145,0.99,13,CasualUK,MrNickname
c07x7y,"Thanks for taking my survey, r/CasualUK! To show my appreciation with something tangible, 50p per response has been donated to Cancer Research UK. Thank you, thank you, thank you!",[deleted],https://i.redd.it/lsnkh27dg5431.png,1560443139.0,375,0.98,8,CasualUK,[deleted]
c07rwv,I win this round Morrisons,,https://i.redd.it/fhjtyreze5431.jpg,1560442432.0,309,0.98,35,CasualUK,kittyfresh
c07e8u,"Asked for hula hoops in Japan, was given nightmares for weeks in return.",,https://i.redd.it/qycxv8yl95431.jpg,1560440622.0,60,0.93,12,CasualUK,Whosane3k1
c05kwr,Honister Pass - Lake District,,https://i.redd.it/js33idgdh4431.jpg,1560431136.0,137,0.99,12,CasualUK,AgencyGang
c05eeg,Windsor Castle from the long walk,,https://i.redd.it/oktjjbt9e4431.jpg,1560430090.0,209,0.99,30,CasualUK,AgencyGang
c052bu,‚ÄúSo how did your life go so downhill?‚Äù ‚ÄúWell it all started when I touched a buoy...‚Äù,,https://i.redd.it/met9wde584431.jpg,1560428025.0,186,0.99,19,CasualUK,bearman-bao
c04tct,"Here‚Äôs to everyone surviving Drownload 2019. If you see the flag, I have beers, will share.",,https://i.imgur.com/qFYmTGv.jpg,1560426460.0,453,0.97,121,CasualUK,The_Incredible_Funk
c04mzb,The Brighton rag and its front page 'news',[deleted],https://i.imgur.com/H8sJGst.jpg,1560425305.0,125,0.98,15,CasualUK,[deleted]
c04d74,He's visited me three times already this morning and has been staring at me for over five minutes this time. WHAT DO YOU WANT FROM ME?!,,https://i.redd.it/86v0ovkpu3431.jpg,1560423543.0,130,0.99,33,CasualUK,Denncity
c047v4,Making the most of the hot weather.,,https://i.redd.it/peav919nr3431.jpg,1560422474.0,146,0.99,15,CasualUK,sparklife239
c047jr,"Friend of mine saw this ad on the tube, and now I'm insanely curious.",,https://imgur.com/a/HqqChom,1560422411.0,83,0.97,35,CasualUK,lagoon83
c03rx0,Two days in a row this guy has shoved himself into a tree.,,https://i.imgur.com/DmgNssC.jpg,1560419117.0,891,0.99,73,CasualUK,kdwardse
c03pv8,Beans in a phone box. Can not get more UK than this.,,https://i.redd.it/zchi6c7bg3431.jpg,1560418663.0,117,0.96,16,CasualUK,GiverOfZeroShits
c03kam,That's one way to raise funds for a church.,,https://i.redd.it/u5j648igc3431.jpg,1560417367.0,79,0.95,9,CasualUK,WeeWellsy89
c033eg,"UK woman outraged after ordering size 16 swimsuit, sent two size eights instead",,https://www.newshub.co.nz/home/lifestyle/2019/06/uk-woman-outraged-after-ordering-size-16-swimsuit-sent-two-size-eights-instead.html,1560413394.0,124,0.97,41,CasualUK,chowieuk
c023yp,Just a white van goodboy in a hi-vis,,https://i.redd.it/w8irp81od2431.jpg,1560405666.0,943,0.98,31,CasualUK,HeegStar
c023sw,"Following the heavy rainfall, road closures and damage to property, there's always somebody making the best of it. That's good old fashioned British spirit!",,https://imgur.com/IUmn1px.jpg,1560405641.0,118,0.99,12,CasualUK,26326312
c01aqh,Important information re Aussie crisps and their packets.,"I‚Äôm currently in Australia, and just wanted to give any Brit travelling over here a run down on the crisp packet situation. If you think you could just stroll into your local supermarket and mindlessly grab a bag of your favourite flavour of crisps assuming that the coloured packets correspond with the ones in the Uk, you‚Äôd be very wrong. 

Smith‚Äôs seems to be the Aussie equivalent of Walkers and let‚Äôs just say the Aussies have fucked the colour scheme up, big time. Here we go:

Green - Chicken (I know, fucking mental)

Blue - Original (aka ready salted.)

Pink  - Salt &amp; Vinegar (this might be the worse one)

Yellow - Cheese and Onion (ooo lets make the packet the same colour as cheese so people don‚Äôt get confused. Pathetic.)

Oh and they call them Chips. 

Anyway, stay vigilant when travelling to foreign lands everyone, you could get in serious dietary trouble by making assumptions. Don‚Äôt trust your instincts, none of that matters abroad.

Edit: Thanks for the golds and silvers. For Queen and country.

Edit 2: Just in case it‚Äôs not clear to some, this is satire..",https://www.reddit.com/r/CasualUK/comments/c01aqh/important_information_re_aussie_crisps_and_their/,1560399917.0,10053,0.95,1126,CasualUK,BenathonWrigley
c016qr,5am at the Manchester Airport bar and everyone is on it. Never change guys never change,,https://i.redd.it/sweaitueu1431.jpg,1560399194.0,557,0.97,104,CasualUK,gary_mcpirate
bzycyn,Someone‚Äôs not happy...,,https://i.redd.it/ogvx80i7f0431.jpg,1560381973.0,185,1.0,61,CasualUK,plaaard
bzycgz,For anyone wondering how download festival is going.,,https://v.redd.it/q3j74tgye0431,1560381905.0,71,0.94,31,CasualUK,colb0lt
bzwzx2,Equivalent to a four leaf clover? A triple layered bourbon in a pack!,,https://i.redd.it/uybmy7pwtz331.jpg,1560374807.0,82,0.94,13,CasualUK,Max_K701
bzwhp0,Ventured out in the stormy weather today to do some beach combing at Seaham and found these big chonks! Rough seas and low tide = perfect conditions,,https://i.redd.it/ihzl9hdjmz331.jpg,1560372330.0,86,0.98,16,CasualUK,leathervelvet
bzw5aj,"Dovestones Reservoir, Saddleworth. Taken just after a storm rolled through last Sunday",,https://i.redd.it/u5wiwdyfhz331.jpg,1560370617.0,235,0.98,32,CasualUK,VauxhallBurgundy
bzvjly,Map of Blobby Land from Cricket St Thomas,,https://i.redd.it/6vbywjkt8z331.jpg,1560367716.0,55,0.93,15,CasualUK,steve_gus
bzv6sk,"I found a way to feel like I'm fifteen years younger, at least for a few hours.",,https://i.redd.it/4grf430m3z331.jpg,1560366018.0,63,0.94,18,CasualUK,[deleted]
bzv1ye,"England fans in Portugal singing ‚ÄòValerie‚Äô with a busker, apparently they tipped her kindly too.",[deleted],https://v.redd.it/i2jom6nb1z331,1560365340.0,2762,0.98,162,CasualUK,[deleted]
bzuzsa,"Just landed in Kyoto, Japan. I was told to prepare for the culture shock but I was not prepared for this.",[deleted],https://i.redd.it/vvqcz8su0z331.jpg,1560365039.0,710,0.97,121,CasualUK,[deleted]
bzut63,All the clubs are being closed down,,https://i.redd.it/wdx5ve26yy331.jpg,1560364133.0,494,0.97,33,CasualUK,AntiSocialMackerel
bzua2w,Tesco: A little up big Join Club,,https://imgur.com/LwsgUtv.jpg,1560361547.0,57,0.88,2,CasualUK,tenroseUK
bzu4gv,my local spar doing meme sandwiches now,,https://i.redd.it/4d6w22r7oy331.jpg,1560360796.0,82,0.96,7,CasualUK,pineappledipshit
bztyx4,We definitely bought more beer.,,https://i.redd.it/98g0pxc1my331.jpg,1560360056.0,52,0.94,0,CasualUK,Russla
bztmy2,You know you were cool when you had this in Maths!,,https://i.redd.it/iex4ka78hy331.jpg,1560358436.0,300,0.96,29,CasualUK,wazzupp3d
bzswby,The quizmasters of Tipping Point clearly love this sub,,https://i.imgur.com/e2pvBFB.jpg,1560354852.0,71,0.92,7,CasualUK,penguin62
bzsttb,So Yougov did a poll about the best savoury food Brits have to offer,,https://i.redd.it/p6ctv5rd5y331.jpg,1560354493.0,226,0.91,139,CasualUK,_DeanRiding
bzslb5,Learner driver ploughs into Currys PC World,[deleted],https://i.redd.it/qhdqlj2x1y331.jpg,1560353287.0,169,0.99,28,CasualUK,[deleted]
bzrs6k,'Spoons was broken. Had to walk around the corner to go to the other one. Disgraceful.,,https://i.redd.it/n329if4bpx331.jpg,1560349046.0,156,0.94,22,CasualUK,justhowulikeit
bzr7v4,A special shout-out to this old lady hiding behind the Gregg's sandwich display so she doesn't have to pay another 50p to eat in the shop,,https://i.redd.it/4hwngelagx331.jpg,1560346020.0,9237,0.99,343,CasualUK,IHateOtherRedditors
bzr0f7,Interesting marketing from this club in Sheffield,[deleted],https://i.redd.it/lwblik3vcx331.jpg,1560344862.0,332,0.96,48,CasualUK,[deleted]
bzqsi0,"""We've caused traffic jams to add new grates, this will stop the puddles outside your house""",,https://i.redd.it/4p06xr239x331.jpg,1560343592.0,103,0.96,6,CasualUK,PartTimer91
bzqp5e,Brooding bird at the tower,,https://i.redd.it/4ckqc3c07x331.jpg,1560343033.0,90,0.96,5,CasualUK,EnterNicname
bzq4ns,Christ I hope they mean the pet.,,https://i.redd.it/xbna6x6zww331.jpg,1560339519.0,230,0.97,16,CasualUK,jacktucks1066
bzq1fx,"Caught a DHL mating ritual while on break today, fascinating...",,https://i.imgur.com/eJrigSp.jpg,1560338928.0,3720,0.99,82,CasualUK,nagerb
bzpyeo,Police investigate after man 'leaves sausages on school drive',,https://www.bristolpost.co.uk/news/bristol-news/police-investigate-after-man-leaves-2962746,1560338361.0,61,0.96,39,CasualUK,Jeff-Stelling
bzppn7,"For my cake day, I‚Äôd like to remind you all how horrifying Mr Blobby was. This is me meeting him in his home many years ago.",,https://i.redd.it/jz4a44wlow331.jpg,1560336706.0,908,0.99,97,CasualUK,pickledinevil
bzpa8c,Victoria Derbyshire covering today‚Äôs important issues.,,https://i.redd.it/dixetmhafw331.jpg,1560333572.0,102,0.97,31,CasualUK,Fandangojango
bzori4,So I guess these things really do work,,https://i.redd.it/omsdt4xk3w331.jpg,1560329651.0,255,0.99,43,CasualUK,FloopersRetreat
bzo8k8,Well that wasn't too hard - I spotted it straight away!,,https://i.redd.it/5zjydygoqv331.png,1560325304.0,1329,0.98,68,CasualUK,ahrimaniac
bzo87j,Just catching the morning flight to England.,,https://i.redd.it/vo69mjagqv331.jpg,1560325219.0,350,0.99,62,CasualUK,Pebbley
bzo651,Everyone has a different method of expressing their frustration I guess...,,https://i.redd.it/vhcot4c1pv331.jpg,1560324743.0,60,0.95,13,CasualUK,brinsfordale
bznomp,No more lazy shoppers!,,https://i.redd.it/sqs9o8f4ev331.jpg,1560321071.0,2484,0.99,201,CasualUK,lvsndr
bznhfu,Shamrock Glasses Lady - final flap update - Race for Life today 12/06/2019,,https://i.redd.it/enfjrysg9v331.jpg,1560319546.0,94,0.94,6,CasualUK,RedBanana99
bzmwsu,Spotted outside a Screwfix in west Kent.,[deleted],https://i.redd.it/h4fu06w5xu331.jpg,1560315367.0,202,0.98,13,CasualUK,[deleted]
bzkgrg,"Ely cathedral last weekend, Cambridgeshire [OC]",,https://i.imgur.com/bLofaR3.jpg,1560299764.0,65,0.96,3,CasualUK,WilliamBlakeism
bzk2m0,Road trip with the lads all planned out,,https://i.redd.it/r15tmk4ict331.jpg,1560297442.0,145,0.98,28,CasualUK,Dazed_And_MoreBooze
bzigf6,The new Pokemon game is based on the UK. There‚Äôs literally a gym leader called Nessa,[deleted],https://i.redd.it/uk0jz63jps331.jpg,1560288587.0,68,0.88,5,CasualUK,[deleted]
bziews,My dog is receiving signals from Mars.,,https://i.redd.it/9jivhafvos331.jpg,1560288375.0,98,0.97,10,CasualUK,titwankthethird
bzibf9,Best name ever!,,https://i.redd.it/i1s0mt0ens331.jpg,1560287868.0,226,0.97,27,CasualUK,allthekos
lckuju,I just saw a couple of police officers coming out of subway and giving a rough sleeper some food,I‚Äôm not crying,https://www.reddit.com/r/CasualUK/comments/lckuju/i_just_saw_a_couple_of_police_officers_coming_out/,1612459527.0,82,0.86,18,CasualUK,CarefullyCurious
lckl71,Peak childhood.,,https://i.redd.it/prm5e7bkuhf61.jpg,1612458869.0,1920,0.99,143,CasualUK,Craigsandrew
lcjxaa,"A mate saw this on a lamp post in Oxford, so I'm making it a reddit post. And they say romance is dead...",,https://i.redd.it/fynoixoqphf61.jpg,1612457247.0,213,0.98,49,CasualUK,samitheaxe
lciwie,"Went for a ""Wawk""? No idea how to spell it, but highly recommend them",,https://i.redd.it/d64ky7b0ihf61.jpg,1612454683.0,90,0.93,25,CasualUK,ElijahCrane
lch1jc,Anthem or hint? Either way...,,https://v.redd.it/5z2pvexy4gf61,1612449680.0,113,0.91,6,CasualUK,Ninja_In_Shaddows
lch0ep,This has been a standard question in YouGov surveys for years but made me laugh given most of these are now unlikely at best and illegal at worst. So... has anyone actually managed any of these in the last month?,[deleted],https://i.redd.it/5tvd8syo2hf61.png,1612449593.0,61,0.97,21,CasualUK,[deleted]
lcggs8,"When a ""No Junk Mail"" sign just isn't enough. Spotted in Fleetwood, Lancashire.",,https://i.imgur.com/GG5xttE.jpg,1612447948.0,792,0.98,176,CasualUK,X4ulZ4n
lcgg72,"""Please don't take this away from me.""",,https://youtu.be/MelvH3EMGR0,1612447898.0,117,0.96,9,CasualUK,DonSoChill
lcenww,"Interesting placement, very interesting.",,https://i.redd.it/fojkenrbggf61.jpg,1612441974.0,10551,0.98,119,CasualUK,ZO0OT
lcd829,It's like a breadcrumb trail to track the postie.,[deleted],https://i.redd.it/3opf4uaiyff61.jpg,1612436025.0,205,0.99,20,CasualUK,[deleted]
lcd422,"Banksy, London",[deleted],https://i.redd.it/ej2alg96xff61.jpg,1612435534.0,1087,0.96,94,CasualUK,[deleted]
lccyey,Someone in Fleet has some time on their hands.,,https://i.redd.it/bm878kc4vff61.jpg,1612434853.0,368,1.0,22,CasualUK,Chappers88
lccdnt,Possibly the most British yet BEST gift I got for Christmas. My junk has never felt so blessed.,,https://i.redd.it/tg2rph0gnff61.jpg,1612432263.0,71,0.91,22,CasualUK,Lordflump
lcc2us,"The overwhelming sense of inflated self worth.... The BBC is great at times, but desperately needs a reality check.",,https://i.redd.it/ad3mqzfajff61.jpg,1612430864.0,1812,0.89,877,CasualUK,innocentshadows
lcbk7d,"I've been collecting coins since I was a kid, Got this one in some change earlier. Pretty sure it's from the Isle of Man. Has anyone got any idea about the Ram thing? Looks kind of Satanic to me.",,https://i.redd.it/1oi3uszkcff61.jpg,1612428609.0,382,0.97,45,CasualUK,Charles_Ye_Hammer
lcbhxq,New resident in the village pond,,https://i.redd.it/frt2l2ipbff61.jpg,1612428331.0,429,0.99,37,CasualUK,Cause4concern27
lcbfmv,The comfort this bench provides.,,https://i.redd.it/w2w74btxaff61.jpg,1612428067.0,158,0.98,10,CasualUK,cloughie89
lcb2fe,First pillar box bunnet I‚Äôve seen in the wild (Oban),,https://i.redd.it/raxuo3dh6ff61.jpg,1612426558.0,96,0.96,3,CasualUK,[deleted]
lcao1z,Got told I was too old to understand live streamers. I just had to write to mine weeks in advance to get a shout out on their channel.,,https://i.redd.it/eupzbepp1ff61.jpg,1612424953.0,9625,0.95,505,CasualUK,analogcpu
lcaao3,These PartyRings reminding me of a Dulux colour chart,,https://i.redd.it/hetod9x9wef61.jpg,1612423337.0,670,0.97,59,CasualUK,JMorgasm
lc40ba,How is your day going?,,https://i.redd.it/du5ha81r5df61.jpg,1612402101.0,164,0.92,9,CasualUK,Npzi
lc2153,This green and pleasant land.,,https://i.redd.it/txg9x74pocf61.jpg,1612396365.0,93,0.99,17,CasualUK,regencylove
lc0066,Mickey Mouse mural in my town where I grew up. Missing the facial details but presume they ran out of spray paint,,https://i.redd.it/aknjuu148cf61.jpg,1612390795.0,555,0.99,21,CasualUK,[deleted]
lbzi2y,Sunset in Southampton,,https://i.redd.it/nqfize384cf61.jpg,1612389483.0,88,0.94,12,CasualUK,Fun-Soup-1523
lbykxk,Growing up British working class,"So me and my sister (I‚Äôm 30 years old) were having a catch-up, and we were chatting about all the stuff that we had when growing up (90s). 

Thought it‚Äôd be a fun thread for /r/CasualUK to see what other stuff we missed. Pretty definitive list so far!

- We used to eat Tomato Ketchup sandwiches
- Always had ‚ÄúSmiths‚Äù crisps, not Walkers
- Only got bought ‚Äúbroken biscuits‚Äù, about two good biscuits in the entire damned thing
- Didn‚Äôt have a shower until we were almost 16 years old 
- We didn‚Äôt have central heating, only a coal fire until we moved out of our first house when we were 13 
- Grandparents had Cartoon Network, our life changed when we got Sky TV much later on 
- Being bunged in a car at 3am in the dark with no idea what was going on, to go on holiday at a Haven Holidays campsite 
- French Fancies being a treat, but only being allowed a certain colour to stop family wars 
- Not having mayonnaise or BBQ sauce until moving out
- Having first Chinese at 18
- Not going to first curry house with mates until mid 20s 
- 96% of meals would be cooked at 180c for 20 minutes
- Having your own Argos catalog at Christmas, and circling all the things you wanted 
- Buying Pokemon cards from the market stall in the basement of the big shopping centre, next to a butchers and a carpet stall
- Not going to first gig until mid 20‚Äôs
 Moving out and thinking fabric softener was the same as detergent, because you never had it 


That‚Äôs all we‚Äôve got for now, feel free to add!",https://www.reddit.com/r/CasualUK/comments/lbykxk/growing_up_british_working_class/,1612387106.0,65,0.93,121,CasualUK,hydraulictrash
lbxwio,We found our new landlords ‚ÄòSimple House Rules‚Äô before he‚Äôs given them out. We‚Äôre all in mid-20s or older.,,https://i.redd.it/x5s4ht6bsbf61.jpg,1612385470.0,68,0.92,114,CasualUK,AnHonestLiar
lbxqz2,Spotted in Sainsbury‚Äôs. Clutched my pearls.,,https://i.redd.it/q4pr6oy5rbf61.jpg,1612385087.0,184,0.97,18,CasualUK,PastelDictator
lbxhin,Classy,,https://i.redd.it/17dbe4c7pbf61.jpg,1612384428.0,77,0.9,9,CasualUK,Banterhino
lbx2jj,Courier shaking paint for me. Very kind.,,https://i.redd.it/v3ou5v72mbf61.jpg,1612383387.0,87,0.97,12,CasualUK,Strong-Fennel-2565
lbwm0e,How about a slice of ‚Ä¶,,https://i.redd.it/a8dl5yumibf61.png,1612382305.0,87,0.91,32,CasualUK,permaculture
lbvuit,The world‚Äôs oldest and still best selling magazine goes head to head with a young upstart.,,https://i.imgur.com/Aw67TBV.jpg,1612380390.0,131,0.93,21,CasualUK,twoshillings
lbvl53,The first 8 minutes of this parish council zoom meeting is british comedy gold,,https://www.youtube.com/watch?v=zpYfSnSHHug,1612379770.0,768,0.98,216,CasualUK,flowers-again
lbuvf3,Spotted a full rainbow at work today!,,https://i.redd.it/5w8qyzv26bf61.jpg,1612378049.0,1236,0.99,42,CasualUK,IncarceratedMascot
lbtsc0,"The longer you look, the more you see...",,https://i.redd.it/6iv7t1bnyaf61.jpg,1612375495.0,3495,0.98,345,CasualUK,lightfoot90
lbtmu0,A thing of beauty,,https://i.redd.it/dl1lwcukxaf61.jpg,1612375136.0,11042,0.93,676,CasualUK,MaxRamsey
lbszo6,Saw this Graffiti whilst walking today. Is it a suggestion? An instruction? Just. What.,,https://i.redd.it/gpiwceeysaf61.jpg,1612373580.0,74,0.96,17,CasualUK,Maaatandblah
lbsvha,Happy birthday to The IT Crowd! It's 15 years to the day that the popular comedy was first broadcast.,,https://www.dailymotion.com/video/x6q3ieo,1612373287.0,193,0.94,55,CasualUK,MellotronSymphony
lbshsq,"This guy has been keeping track of all the TV Licence letters he's received since 2006, and his unusual interactions with the TV Licence people",,http://www.bbctvlicence.com,1612372375.0,94,0.94,73,CasualUK,AlwynEvokedHippest
lbsao6,Anyone else remember this absolute chad who est in hort≈ç?,,https://i.redd.it/lyy38bpinaf61.jpg,1612371885.0,165,0.95,73,CasualUK,Randomd0g
lbs8mc,A little fact that not a lot of people know,,https://i.redd.it/m69cedhinaf61.jpg,1612371750.0,472,0.96,31,CasualUK,PaddyMac2112
lbrvqr,Just a loving note that my Mam left for my Dad this morning,,https://i.redd.it/sxivy690laf61.jpg,1612370910.0,345,0.98,18,CasualUK,commanderkellogg
lbqnhr,Found a treasure trove of nostalgia while having a clearout,,https://i.redd.it/uq3t0fqubaf61.jpg,1612367830.0,266,0.99,48,CasualUK,QueenElizabeth-ImOk
lbq3c9,F,,https://v.redd.it/26l1o5ygh4f61,1612366353.0,111,0.95,25,CasualUK,letslisv
lbolsb,Forton services üíñ. What‚Äôs your favourite service station??,,https://i.redd.it/hxy4m76fv9f61.jpg,1612362304.0,74,0.94,37,CasualUK,ItPrill_
lbo0mk,"I've built my fair share of flatpacks but this bird table is by far the most complex, I did it singlehandedly with my tiny screwdriver (pictured) and having been in strict lockdown for 11 months I'm stupidly proud. Can't wait for birdy friends.",,https://i.redd.it/p904p38aq9f61.jpg,1612360577.0,162,0.95,39,CasualUK,sofyflo
lbmaej,There was an attempt to make a hench toastie,[deleted],https://i.redd.it/3tncfzea89f61.jpg,1612354528.0,505,0.97,94,CasualUK,[deleted]
lbls34,Anybody else remember eating this gourmet creation back in the 90s? This would be a treat on a Saturday evening while watching Gladiators.,,https://i.redd.it/xzjrori929f61.jpg,1612352539.0,473,0.97,113,CasualUK,-W1CKED-
lblhht,Just apologised to my robot vacuum because it touched my foot. GET ME OUT OF THIS HOUSE!!,,https://www.reddit.com/r/CasualUK/comments/lblhht/just_apologised_to_my_robot_vacuum_because_it/,1612351294.0,367,0.97,53,CasualUK,sammylnyc
lbkvj4,Framley Examiner IRL,,https://i.redd.it/s2dibwvyq8f61.jpg,1612348698.0,141,0.96,5,CasualUK,jmr85
lbktzz,"""Yeah u wot m8?! Ooh seeds, how delightful!""",,https://v.redd.it/36qb7ov2q8f61,1612348507.0,59,0.93,2,CasualUK,Blondiewondie_
lbkrkh,Any of you remember this little fucker?,,https://i.redd.it/kfaes6sep8f61.jpg,1612348198.0,243,0.96,56,CasualUK,sonicandfffan
lbkgh6,Thought I‚Äôd show off the pheasant who stops by my back door as well,,https://i.redd.it/64b47xfel8f61.jpg,1612346829.0,956,0.99,42,CasualUK,Nyushi
lbkaxv,Amazing skill and a lovely tribute,,https://i.redd.it/jfo1xs7lj8f61.jpg,1612346217.0,11648,0.92,370,CasualUK,Cause4concern27
lbk8cx,Looky Likeys,,https://v.redd.it/mf2t7z5ki8f61,1612345903.0,157,0.95,12,CasualUK,scouserdave
lbjlvq,The money I would give to be in that room,,https://i.redd.it/wcv3cytfa8f61.jpg,1612343141.0,98,0.91,24,CasualUK,Jamandcheese1
lbj6vc,The garden waste bin is being collected today after its winter hiatus. Not long now until Spring is spronged.,,https://www.reddit.com/r/CasualUK/comments/lbj6vc/the_garden_waste_bin_is_being_collected_today/,1612341241.0,75,0.95,33,CasualUK,JXDB
lbis6a,I used to live in Brighton - here are some sketches of places that stand out in my mind. Hope you like :),,https://i.redd.it/7z027195z7f61.jpg,1612339378.0,4822,0.97,140,CasualUK,BottlePleasant2039
lbigjh,Scotland this week ‚ùÑÔ∏è,,https://i.redd.it/goesuvfnu7f61.jpg,1612337944.0,666,0.98,47,CasualUK,gonnaRedditAgain
lbck78,The man of our childhood,,https://i.redd.it/xp17k1fn46f61.jpg,1612316979.0,460,0.96,80,CasualUK,Educational_Shape36
lbc9tq,Snakes in Glasgow (yesterday).,[deleted],https://i.redd.it/c2rv8mpx16f61.jpg,1612316075.0,221,0.98,55,CasualUK,[deleted]
lb9ho9,They don‚Äôt muck about in Scarborough,,https://i.redd.it/5c36zvbzc5f61.jpg,1612307673.0,2134,1.0,44,CasualUK,DC4840
lb9df0,Royal Mail gave me a heart attack . ¬£150 item from America!!,,https://i.redd.it/snsl2ebzb5f61.jpg,1612307337.0,65,0.94,16,CasualUK,cdh79
lb68ap,Anyone want a Lemon &amp; Ginger Nut Cheesecake I made even though I'm Lactose Intolerant üòÇ,,https://i.redd.it/xzwfw0fko4f61.jpg,1612299465.0,171,0.94,77,CasualUK,[deleted]
lb5axk,Apparently our buses are having to take on additional part-time employment.,,https://i.redd.it/ch7jw4shh4f61.jpg,1612297085.0,1442,1.0,45,CasualUK,thexiel
lb4mfo,Two giraffes helping themselves to a snack in Port Sunlight (UK) in transit to the zoo in Chester (North West England). 1956.,,https://i.redd.it/tsgxcqjfc4f61.jpg,1612295385.0,346,0.99,34,CasualUK,I_live_4_my_animals
lb2vlj,It‚Äôs crazy the lengths that Sir David Attenborough goes to to get the perfect shot,[deleted],https://i.redd.it/wyw7janfz3f61.jpg,1612291011.0,190,0.92,8,CasualUK,[deleted]
lb2jl8,"I can deal with a lot of Americanisms in my life, but I cannot and will not deal with their version of 'fanny'.","Prompted by a scarring line in The Simpsons just now ""my fanny is all red after that ride"". Just please no.",https://www.reddit.com/r/CasualUK/comments/lb2jl8/i_can_deal_with_a_lot_of_americanisms_in_my_life/,1612290166.0,397,0.96,239,CasualUK,littlebutfierce94
lb1mf4,My new poster just arrived. Advert for London Underground in the 1920s. Can't remember if I got the idea from this sub before.,,https://i.redd.it/lct3ctq9q3f61.jpg,1612287930.0,330,0.99,37,CasualUK,hglmac
lb1fk8,Bit concerned that my doctor's surgery isn't using the latest medical equipment,,https://i.redd.it/oacg0kyuo3f61.jpg,1612287455.0,67,0.9,13,CasualUK,Proeliator2001
lb10un,Demolition of Bognor Butlins Swimming Pool,,https://www.reddit.com/gallery/lb10un,1612286465.0,122,0.98,34,CasualUK,therealdam0
lb0y1p,"I made a purchase today, I think lockdown may be finally getting to me....",,https://i.redd.it/zmqbgmmbl3f61.jpg,1612286269.0,10937,0.96,295,CasualUK,mike_tapley
lb0su4,"Calling all fellow Brits, Richard Wilson did an exercise video in 1996. I think we all need to see it, has anyone got this buried somewhere in the obsolete pile of VHS tapes they may own? If so, it needs to be uploaded onto YouTube or something.",,https://i.redd.it/nupoy3pbk3f61.jpg,1612285929.0,125,0.97,31,CasualUK,skidbingo
lazzbx,Goodmorning Leeds,,https://www.reddit.com/gallery/lazzbx,1612283976.0,212,0.96,22,CasualUK,hakoonabatata
lazlzx,Pheasant in the snow near the backdoor.,,https://i.redd.it/gwxan3urb3f61.jpg,1612283106.0,233,0.98,15,CasualUK,Malevolent-ads
laz8us,Sir Captain Tom Moore dies aged 100,,https://www.bbc.co.uk/news/uk-england-beds-bucks-herts-55881753,1612282272.0,3647,0.96,661,CasualUK,lordjems
layudn,Keep Searching dude!,,https://imgur.com/LeD2HRr.jpg,1612281342.0,86,0.92,11,CasualUK,Imods
laynpu,A doorway to decades past in the corner of Swansea Market,,https://i.redd.it/9o2jswy453f61.jpg,1612280890.0,141,0.99,14,CasualUK,FuckCazadors
laxu6a,Circa 1970s NatWest debit card recently found in a drawer. The bank mailed it back to you after each use.,,https://i.redd.it/vk8slthfz2f61.jpg,1612278903.0,267,0.99,50,CasualUK,justdogethings1
laxp7l,Shot a cairn at sunset.,,https://i.redd.it/6iwqdrvfy2f61.jpg,1612278573.0,59,0.85,13,CasualUK,artisticexpressions9
lax1nl,Kettle broke but still needed boiling water for the pot noodle so borrowed the baby milk machine.,,https://i.redd.it/ue5tccivt2f61.jpg,1612277034.0,168,0.92,59,CasualUK,sea-dog-
lau1gw,"""Oh the indignity""",,https://i.redd.it/ddmnurj812f61.jpg,1612267403.0,368,0.96,65,CasualUK,NnNoodle88
latvco,Coffee break went well. Dropped the areopress filters,,https://v.redd.it/mcy4aiwaz1f61,1612266764.0,75,0.86,41,CasualUK,geozza
latgk4,Spotted on my walk to work this morning.,,https://i.redd.it/tnet3o41u1f61.jpg,1612265035.0,70,0.88,12,CasualUK,tolive89
latfom,Whinston is melting,,https://i.redd.it/fv6l9rvvt1f61.jpg,1612264934.0,70,0.79,21,CasualUK,Pineappleplayz8
larhi9,My friend is a UK primary school teacher having to prepare remote lessons during Covid. These are some of her outtakes,,https://m.youtube.com/watch?v=u19J9754ohU&amp;feature=youtu.be,1612256381.0,238,0.97,32,CasualUK,Aiken_Drumn
laqu1a,Anyone for ice cream?,,https://i.redd.it/oh2rawprv0f61.jpg,1612253460.0,186,0.97,17,CasualUK,sandboxlollipop
laqlek,"Well played, Sky Comedy, well played.",,https://i.redd.it/dz7ldnqjs0f61.jpg,1612252411.0,27581,0.96,290,CasualUK,polarbearonabike
laqk8s,Ducks having a party?,,https://i.redd.it/fhhh6dr7s0f61.jpg,1612252268.0,62,0.87,2,CasualUK,floating__banana
lapffj,Just waking up to a blizzard on a Tuesday morning. The drive to work will be fun in this ü§¶üèº‚Äç‚ôÇÔ∏è,[deleted],https://v.redd.it/9bd42g4vd0f61,1612247468.0,134,0.94,24,CasualUK,[deleted]
lamsa6,Chilly This Morning!,,https://i.redd.it/gnf7gfy2mze61.jpg,1612238094.0,87,0.92,7,CasualUK,metal_hobbit
lagign,"Went to the corner shop for a bottle of White Lightning in the pissing rain, came back and found an Asda trolley in the lift. Nothing says council estate more",[deleted],https://i.redd.it/39q5fm5r2ye61.jpg,1612219493.0,115,0.97,62,CasualUK,[deleted]
laf7d7,Just saw the quote of the day on my watch today. Really inspirational. Certainly picked a good day to come off the antidepressants.,,https://i.imgur.com/caUpmVe.jpg,1612216206.0,4310,0.99,127,CasualUK,richh00
ladicc,AI Dungeon has a weird prophecy for the UK,,https://i.redd.it/593j5c3ogxe61.png,1612212087.0,85,0.96,14,CasualUK,gsurfer04
lacmed,"Girlfriend bought some fridge magnets, I did my duty",,https://i.imgur.com/b04gavv.jpg,1612209918.0,182,0.95,7,CasualUK,Crazy_Hazy
lac3nj,"I am sure he's advertising the truth. Photo via Charlie Mackesy, FB",,https://i.redd.it/qcqhrs8c6xe61.jpg,1612208630.0,138,0.97,9,CasualUK,MorrisM
lac04s,The fell ponies around Caldbeck Common are really quite curious. Unfortunately I didn't have any carrots or apples on me,,https://www.reddit.com/gallery/lac04s,1612208401.0,77,0.96,6,CasualUK,LightSweep
labr5k,Have to love the effort (and honesty) of the local bakery,,https://i.redd.it/jf7l6gvz3xe61.jpg,1612207797.0,227,0.96,19,CasualUK,gibbonmann
laagky,Sat thinking about pubs now I'm overcome with sadness.,"The cosy booths, ambient lighting, fresh cold beer, friends, good music, pub chatter in the background, wearing nice clothes.

I miss it so much I could cry lol",https://www.reddit.com/r/CasualUK/comments/laagky/sat_thinking_about_pubs_now_im_overcome_with/,1612204710.0,188,0.91,67,CasualUK,MeMuzzta
la9cq3,Mate's mum got her 4yr old daughter this amazing book.,,https://www.reddit.com/gallery/la9cq3,1612202063.0,169,0.92,75,CasualUK,Braythor_
la95a0,Dave have got it exactly right,,https://i.redd.it/zyali8mhlwe61.jpg,1612201572.0,11781,0.97,193,CasualUK,Charlie00134
bzi8n0,JD Honey &amp; Capri Sun ... Surprisingly palatable,,https://i.redd.it/afno7ms7ms331.jpg,1560287474.0,61,0.92,18,CasualUK,ENTPrick
bzha8b,"M&amp;S still have a stall in the market in Leeds where they started. Sells next to nothing, but nice touch.",[deleted],https://i.redd.it/txudxagw7s331.jpg,1560282726.0,12779,0.96,339,CasualUK,[deleted]
bzh88k,This is what an American pint looks like poured into a British pint glass,,https://i.redd.it/opaiyci07s331.jpg,1560282444.0,195,0.96,89,CasualUK,scenecunt
bzgxe7,I love going to the MÃßicÃ¥t“â8Õ†rÃ®iqÃ∏ and Albert Museum.,,https://i.redd.it/xbh98z4s2s331.jpg,1560280937.0,156,0.99,11,CasualUK,Nydokazoi
bzgmgv,This relic,[deleted],https://i.redd.it/0o3jb6k6yr331.jpg,1560279484.0,59,0.98,6,CasualUK,[deleted]
bzex2y,Not doing the best today but this little guy and this subreddit has cheered me up today.,,https://i.redd.it/p96of81rbr331.jpg,1560271848.0,124,0.9,22,CasualUK,sparksqueen
bzeodm,"Its the time of year for teachers to get presents, this is what I got.",,https://imgur.com/a/MvK8FEk,1560270758.0,159,0.95,41,CasualUK,Variola13
bzenbp,had a bourbon where the buscuit was the wrong way round today,,https://i.redd.it/nb8xwjn38r331.jpg,1560270620.0,60,0.89,22,CasualUK,Cobra_Railways
bzej0h,Just got my weekly financial report üòÉüòÉüò´,,https://i.redd.it/blcxfw1b6r331.jpg,1560270016.0,2346,0.99,104,CasualUK,mckle000ner
bzd51y,Local pizzeria has no chill,,https://i.redd.it/fonc58e7jk331.jpg,1560263109.0,91,0.95,40,CasualUK,Glurt
bzcisl,Thermometer Tester?,,https://i.imgur.com/fxxsyYI.png,1560259902.0,203,0.91,16,CasualUK,esprit-de-lescalier
bzcblt,Just your average charity shop window,,https://i.redd.it/ketjf64z8q331.jpg,1560258805.0,140,0.99,25,CasualUK,peachturtle18
bzbv08,My Mums custom fleece after airline reduces baggage allowance. Your move Ryanair!,,https://i.redd.it/gaomcie61q331.jpg,1560256184.0,591,0.98,79,CasualUK,HelloBloom
bzb257,Bit of snow on Ben Nevis the other day.,,https://i.redd.it/tmq4xbk3mp331.jpg,1560251114.0,83,0.99,4,CasualUK,cerebralrich
bzarhp,Quick tipper trip through the drive through...,,https://i.redd.it/72v6etvofp331.jpg,1560248956.0,201,0.98,14,CasualUK,keimaybe
bzahsc,Wanker Tank,,https://m.youtube.com/watch?v=6_MaV-YdrXk&amp;feature=youtu.be,1560246931.0,62,0.9,4,CasualUK,[deleted]
bzagow,Can someone please explain to me why Harrods have started labelling their meats with Rizlas?,,https://i.redd.it/hgu7roiw8p331.jpg,1560246676.0,94,0.91,28,CasualUK,Barziboy
bzagbj,Typical dad post,,https://i.redd.it/s0iovnvo8p331.jpg,1560246603.0,745,0.96,23,CasualUK,bonster85
bz9t8h,My eerie commute this morning after power failures on Thameslink,,https://i.redd.it/d9d0suwiso331.jpg,1560241212.0,3379,0.99,99,CasualUK,ameriuk
bz9hcd,The Kelloggs personalised spoon promotion was fantastic for the childish.,,https://i.imgur.com/oejS5t8.jpg,1560238375.0,10053,0.96,184,CasualUK,MrZakalwe
bz8no9,"We've all seen Smart cars parked up against the curb, but have you ever seen other cars try it?",,https://i.imgur.com/G1z1JTF.jpg,1560232059.0,199,0.98,63,CasualUK,President-Nulagi
bz52rw,Mr.Kipling has truly nailed it. I recommend a Tesco trip to stock up they are too good to be around for long!,,https://i.redd.it/vju1oonn7m331.jpg,1560209934.0,78,0.93,16,CasualUK,hamitchell1
bz4j7m,Girlfriend warned not to go in this pub as it‚Äôs quite ‚Äòrough‚Äô - seems ok to me...well apart from the random sausage.,[deleted],https://i.redd.it/ihtzbijwyl331.jpg,1560206993.0,64,0.95,11,CasualUK,[deleted]
bz3rji,My dad‚Äôs office block has a Peregrine Falcon nest with a webcam set up on the roof,,https://i.redd.it/fhnl4205nl331.jpg,1560203033.0,167,0.99,12,CasualUK,AbiSquid
bz2k8q,Nominative determinism at its finest,,https://i.redd.it/9dsp66t45l331.jpg,1560196979.0,73,0.96,8,CasualUK,LayYourGhostsToRest
bz2jm4,"Derren Brown mind trick from an old episode. If you close your eyes and pretend you're shaking salt on to your tongue, you can actually taste salt!",,https://www.reddit.com/r/CasualUK/comments/bz2jm4/derren_brown_mind_trick_from_an_old_episode_if/,1560196893.0,125,0.95,17,CasualUK,[deleted]
bz2830,What I Rent: North London ¬£6000 PcM,,https://i.imgur.com/JlQPjoo.jpg,1560195296.0,2448,0.99,77,CasualUK,[deleted]
bz0o06,Thanks DPD for leaving these on the doorstep whilst we were out and making us look like the neighbourhood sex fiends,,https://i.redd.it/0942hb1rdk331.jpg,1560187772.0,1309,0.99,155,CasualUK,tattedprincess97
bz0kws,"""Hello Mr police man I promise I'm doing the speed limit""",,https://v.redd.it/plx4tvffck331,1560187339.0,88,0.89,22,CasualUK,frowawqy
byzxd9,Saw your Morris dancers and raise you the Green Bogies of Hastings!,,https://i.redd.it/blbdmmjy2k331.jpg,1560184145.0,84,0.97,7,CasualUK,ch4rky
byzv2f,Anyone else tried these?? Might take top spot over magnum.,,https://imgur.com/YJ8nFoA,1560183832.0,59,0.92,32,CasualUK,Macky9326
byzg0j,Who are you lot taking?,,https://i.redd.it/j1roo1ttvj331.jpg,1560181742.0,589,0.98,69,CasualUK,finky101
byymnj,Quality British passive-aggressiveness at my workplace,,https://i.redd.it/1kca2gw9jj331.jpg,1560177521.0,331,0.96,40,CasualUK,askem87
byx02d,Took this at the QEII conference centre today and feel it sums up the UK nicely. It‚Äôs raining and Big Ben is covered in scaffolding.,[deleted],https://i.redd.it/1cp098vari331.jpg,1560168114.0,124,0.96,14,CasualUK,[deleted]
bywvd7,Nice walk up Pen y Fan mountain üí™üèª,[deleted],https://i.redd.it/um9jm5froi331.jpg,1560167259.0,91,0.99,15,CasualUK,[deleted]
bywrip,"My friends engagement party cake, I thought you guys would appreciate it.",,https://i.redd.it/924wry3dmi331.jpg,1560166529.0,836,0.98,51,CasualUK,wickyewok
bywr1a,Not sure I‚Äôd describe it as the wow factor; although the side is a bonus,,https://i.redd.it/51xhsgabmi331.jpg,1560166435.0,70,0.95,11,CasualUK,nwetp
bywej7,Its Monday Mr Flibble.. do you know what that means?,,https://i.redd.it/sd9fxli1fi331.jpg,1560163990.0,121,0.95,16,CasualUK,[deleted]
byw2up,Some Japanese artists depicted the world flags as samurai characters for the 2020 Tokyo Olympics. This is the Armor Union Jack,[deleted],https://i.redd.it/oo9ok8pq7i331.png,1560161535.0,271,0.98,45,CasualUK,[deleted]
byvwh3,Love Island is touching a nerve for some in the office.,,https://i.redd.it/a6sxjxfs3i331.jpg,1560160213.0,345,0.99,62,CasualUK,lodge28
byvlmk,Fairy feathers.,[deleted],https://i.redd.it/8y5hdzramc331.jpg,1560157736.0,120,0.93,14,CasualUK,[deleted]
byveg0,LEGO fans rise up!,,https://i.redd.it/vy11kwu7rh331.jpg,1560155980.0,60,0.89,15,CasualUK,arczclan
byv7jt,"Laburnum Walk in Richmond Park, London",,https://i.imgur.com/BljbbQd.jpg,1560154278.0,52,0.94,2,CasualUK,[deleted]
byv6mo,Trap spotted at local playground.,,https://i.redd.it/aqcd5c9clh331.jpg,1560154062.0,117,0.97,14,CasualUK,kopsy
byulsy,A Teesside the news never shows you.,,https://i.redd.it/vdilbo2r7h331.jpg,1560149437.0,69,0.92,22,CasualUK,exukcop
byug7i,In the bar toilet üí©,,https://i.imgur.com/LdyoDcM.jpg,1560148214.0,320,0.98,20,CasualUK,President-Nulagi
byu4ey,Expat here. This may be the most British thing I‚Äôve seen.,,https://i.redd.it/pkutiphkwg331.jpg,1560145672.0,149,0.97,14,CasualUK,DietSpam
byqq74,Should have clarified I wanted the whole of ‚ÄúTitanic‚Äù in the photo.,,https://i.redd.it/pktvyaue2f331.jpg,1560123423.0,283,0.97,18,CasualUK,6Hz
bypdv1,7UP brought this legend back.,,https://i.redd.it/kkoixi8tfe331.jpg,1560115826.0,108,0.97,10,CasualUK,PyromaniacZack
byp0lv,Let me introduce you to something great. Bourbons dipped in Butterscotch Angel Delight.,,https://i.redd.it/hoyvh3us9e331.jpg,1560113820.0,91,0.9,19,CasualUK,millsytime
byohun,"Old railway bridge in Surrey, England.",,https://i.redd.it/80cuznqe1e331.jpg,1560111035.0,65,0.95,5,CasualUK,mradamson888
byo7rp,Girlfriend is down in birmingham and spotted this seagull with a full cookie!,,https://i.redd.it/2yhliswrwd331.jpg,1560109544.0,97,0.95,16,CasualUK,thisiscotty
bynui9,Standard!,,https://i.redd.it/akpuwdkcrd331.jpg,1560107595.0,169,0.96,4,CasualUK,coolgirlonthetrain
byn7y4,Just asked the barmaid is she had a flake for this... from her reaction I don't think she's ever been to the seaside.,,https://imgur.com/lShP0Ry,1560104272.0,56,0.76,24,CasualUK,MerlinTrismegistus
bymbic,"50-50 chance, and I get it wrong every single time.",,https://i.imgur.com/HSAqVU4.jpg,1560099495.0,13593,0.95,357,CasualUK,Dvdsmith2002
bym5nm,"Went to a village fair yesterday, this was the busiest test",,https://i.redd.it/m5kuy9rg0d331.jpg,1560098610.0,83,0.93,5,CasualUK,QueenUnicorn4Dayz
byl92h,"Local architects at work on the village green last night, superb.",[deleted],https://i.redd.it/m09wo3wilc331.jpg,1560093529.0,239,0.99,29,CasualUK,[deleted]
byl8dq,Colin and his mates,,https://i.redd.it/y2xepyp5lc331.jpg,1560093406.0,369,0.97,43,CasualUK,Se7enOne
byl0yw,Bumped into Frank Bruno climbing Ben Nevis.,,https://i.redd.it/z0qng42ohc331.jpg,1560092233.0,580,0.97,33,CasualUK,whodigsdeepest
bykvie,This fantastically pointless sign at the Tesco Checkout.,,https://i.redd.it/n6lakgwzec331.jpg,1560091336.0,147,0.97,9,CasualUK,the_englishman
bykuo3,Spotted this in Wilko a while back,[deleted],https://i.redd.it/a39u57okec331.jpg,1560091200.0,79,0.93,6,CasualUK,[deleted]
byku3t,"I don‚Äôt need your rules, Lidl",,https://i.redd.it/xwidn3hbec331.jpg,1560091106.0,311,0.99,24,CasualUK,PhordPrefect
bykqd2,"My elderly cat, Bollo, just brought in a pal to share a cat biscuit...",,https://i.redd.it/fpwirdq2cc331.jpg,1560090470.0,68,0.94,11,CasualUK,dronebox
bykfpi,Good to see the new age restrictions in effect at Asda,,https://i.redd.it/8dfysz4l6c331.jpg,1560088508.0,68,0.94,5,CasualUK,[deleted]
bykct2,"Ive been waiting months for this moment and its finally empty, people of r/CasualUK what should I make?",,https://i.redd.it/m56ycx5x4c331.jpg,1560087949.0,109,0.97,37,CasualUK,Cazawazza
bykb5o,'Mum! Dad says he wants to be a terrorist.',,https://i.redd.it/meu8t1xy3c331.jpg,1560087633.0,78,0.94,12,CasualUK,davidsheath
byk8kt,Can't believe I've just seen this parked up at the local garden centre,,https://imgur.com/K5E8bsX.jpg,1560087151.0,92,0.96,21,CasualUK,26326312
byk5m1,Just took this photo of the planes getting into formation over our house before heading on over to Cosford!,,https://i.redd.it/jxsnfkks0c331.jpg,1560086558.0,205,0.99,40,CasualUK,[deleted]
byjzxg,You aren't British untill you've played Jenga with fish fingers! Found on /r/Hmmm,,https://i.redd.it/k5sjxxrexb331.png,1560085421.0,211,0.95,16,CasualUK,voiceoverchungus
byjx3g,"Spotted as I get on my replacement bus, classic.",,https://i.redd.it/usvpbnvpvb331.jpg,1560084856.0,51,0.96,2,CasualUK,Badmonchaz
byj9w4,Just taking kids play area down and saw this beast under the slide,,https://i.imgur.com/DTXD4ur.jpg,1560079497.0,50,0.96,30,CasualUK,hawkeye2604
byj5vc,BBC news starts... Everybody:,,https://v.redd.it/t5axvuykcb331,1560078483.0,300,0.97,28,CasualUK,Emileedeegs
byiznz,Random I know but a post on another sub reminded me of these heroic hedgehogs and I had to share it with someone,,https://m.youtube.com/watch?v=KnwxN24E2yY,1560076862.0,81,0.96,4,CasualUK,mss24
byizkp,And the award for most British pub goes to.....,,https://i.redd.it/wir122rv7b331.jpg,1560076835.0,607,0.97,74,CasualUK,millsytime
byiym6,The bees! THE BEES. I'm trying to help the bees.,,https://i.imgur.com/nylzbr6.jpg,1560076576.0,308,0.99,18,CasualUK,ahrimaniac
byirwc,Heard a wierd sound in the garden...,,https://i.redd.it/dcr7z6x22b331.jpg,1560074911.0,157,0.98,18,CasualUK,HayestackZ
byiman,Interesting place to hang your laundry,,https://i.redd.it/f768pdokxa331.jpg,1560073374.0,57,0.96,4,CasualUK,[deleted]
byijxm,Those pesky Jazz Musicians...,,https://i.redd.it/bn3iqn5fva331.jpg,1560072688.0,49,0.94,1,CasualUK,Fingerbob73
byibuc,Fuck Birmingham.,,https://i.imgur.com/Ck0t8on.jpg,1560070496.0,383,0.96,43,CasualUK,failedbirth69
byi5ut,How very British part 2. Another example of queuing in my garden...,,https://i.redd.it/qxndewouja331.jpg,1560068752.0,265,0.97,15,CasualUK,KazzyJJ
byhrw7,Entering my 30s in the best way possible,,https://imgur.com/PlRyf2o,1560064794.0,19720,0.94,456,CasualUK,jh89th
byhjkl,"Ice-age beach, Porth Nanven, Cornwall. Glaciers weighed down the UK landmass, pushing the coast under the sea. New beaches were formed, then left above the tideline when the ice receded. Sand &amp; rocks in the cliff here are the actual ice-age beach; the 'dinosaur eggs' were sculpted by ice-age tides",,https://i.redd.it/9jlzf7ye1a331.jpg,1560062569.0,82,0.98,11,CasualUK,BellaKaterina84
byhd54,I see a lot of people wearing clothing with ‚ÄúBrooklyn‚Äù on. What UK town name could be used on t-shirts etc to sell to the US?,,https://www.reddit.com/r/CasualUK/comments/byhd54/i_see_a_lot_of_people_wearing_clothing_with/,1560060908.0,62,0.94,136,CasualUK,cowie71
byeon0,Every late 90s/early 2000s step-dad drove one of these,,https://i.imgur.com/8b5eISM.jpg,1560041095.0,117,0.95,37,CasualUK,wwesmudge
bydt4n,Geordies when someone uses mph instead of Shearers per Keegan.,,https://i.redd.it/809yx5fts7331.jpg,1560035446.0,276,0.96,23,CasualUK,1pornstarmartini
byddll,Anyone up for some Father Ted DLC for Red Dead Redemption 2?,,https://i.imgur.com/NAhOFnB.png,1560032738.0,391,0.96,26,CasualUK,TheNathanNS
byd5qm,This train stop sign,,https://i.redd.it/frdlxyrtg7331.jpg,1560031420.0,52,0.92,5,CasualUK,StephenHunterUK
bycwdt,Made my own raspberry jam for the first time yesterday and I‚Äôm never buying shop bought jam again!,,https://i.redd.it/ddaw1f4ac7331.jpg,1560029887.0,73,0.92,19,CasualUK,KateMeeseeks
bycnwm,"Been through a rough patch recently, but this dog ( and this subreddit, of course) have been my biggest sources of joy.",,https://i.redd.it/yz5ehdq587331.jpg,1560028501.0,775,0.95,36,CasualUK,sparksqueen
byclcx,Good one Spa...,,https://i.redd.it/du13b0ix67331.jpg,1560028093.0,75,0.94,2,CasualUK,warboles
bybuuw,Give me a better beer garden.,,https://i.imgur.com/0cHozKT.jpg,1560023684.0,224,0.97,18,CasualUK,theholybikini
byb3ch,Netflix and brew,,https://i.imgur.com/rDgHlDS.jpg,1560019207.0,61,0.95,35,CasualUK,TheKeiron
byayrd,Airline turns a delayed Englishman's frown upside down. Absolutely MARVELLOUS!,,https://v.redd.it/wpvep2j0e6331,1560018451.0,1491,0.98,88,CasualUK,Santero
byasj2,Saw a double rainbow on my dog walk,,https://i.redd.it/ciw4ruy7b6331.jpg,1560017464.0,94,0.96,3,CasualUK,ZacIDK
byai9r,Gotta love a Northern food festival,,https://imgur.com/PaC0y5f.jpg,1560015852.0,50,0.89,4,CasualUK,meringueisnotacake
by9noa,This bus shelter has some opinions.,,https://i.redd.it/0yof09x7s5331.jpg,1560011043.0,407,0.99,14,CasualUK,obilix
by9jqs,"Little Britain, Santa Monica CA",,https://i.redd.it/esx02zq9q5331.jpg,1560010405.0,65,0.9,28,CasualUK,FubarUK
by95x1,Spotted at Nairn Sainsbury's. Can't imagine they're doing the weekly shop.,,https://i.redd.it/b8rds7olj5331.jpg,1560008191.0,71,0.92,41,CasualUK,The_Scrunt
by8zt1,"Finally, a competitor for the infamous Sports Direct mug.",,https://i.redd.it/56kfznapg5331.jpg,1560007165.0,130,0.98,17,CasualUK,Werdcon
by8xy6,Just a heads up that Lidl have got these on sale at the moment,,https://i.imgur.com/Q9A0Qf2.jpg,1560006838.0,690,0.98,30,CasualUK,SteveCabbages
by8vvw,Feast for a king while the wife‚Äôs out.,,https://i.redd.it/6s8atw2qe5331.jpg,1560006499.0,54,0.86,23,CasualUK,[deleted]
by8jpz,Bargain!,,https://i.redd.it/cr7ix7ib85331.jpg,1560004340.0,239,0.96,37,CasualUK,KazzyJJ
by86yz,When it starts pissing it down halfway through fixing the car.,,https://i.redd.it/vqn3t2yf15331.jpg,1560002036.0,133,0.99,11,CasualUK,[deleted]
by806k,"Knaresborough, North Yorkshire. From a row boat on the river.",,https://i.redd.it/b0cq9l5nx4331.jpg,1560000749.0,174,0.98,25,CasualUK,King_Bonio
by7wk4,Am I the only one who genuinely doesn't mind the rain?,"I never really understood why people dislike the rain, there's just something about the air that feels clear.

Whenever someone mentions the weather being awful I'll just agree but I don't mind it to be truthfully honest.

You'd think with think with the constant rain across the country more people would be used to it by now... Or I'm just odd who knows.",https://www.reddit.com/r/CasualUK/comments/by7wk4/am_i_the_only_one_who_genuinely_doesnt_mind_the/,1560000021.0,61,0.89,46,CasualUK,KieranD9503
by7pe2,Unfortunately not a drive through.,,https://i.redd.it/9qhy0gb4r4331.jpg,1559998564.0,75,0.96,6,CasualUK,gingerbenji
by7mw7,Bullseye‚Äôs Bully makes an appearance on Channel 4‚Äôs Four in a Bed.,[deleted],https://i.redd.it/x34uqdcip4331.jpg,1559998015.0,63,0.92,12,CasualUK,[deleted]
by7lub,Is this the Holy Grail of sausage rolls?,,https://imgur.com/6mUqzb5.jpg,1559997787.0,93,0.91,39,CasualUK,featurenotabug
by7l9g,Red arrows fly by in London today.,,https://i.redd.it/0lhegalgo4331.jpg,1559997662.0,101,0.97,2,CasualUK,londondog
by7g25,Specsavers was probably a better choice,,https://i.redd.it/9lkeyp55l4331.jpg,1559996546.0,50,0.89,4,CasualUK,CallumOnZreddit
by7clh,Scored a bargain this morning.,,https://i.redd.it/vkqnerpvi4331.jpg,1559995802.0,82,0.92,32,CasualUK,[deleted]
by72ua,"Someone has planted flowers around this post box, I thought it was pretty",,https://i.redd.it/15p4drr9c4331.jpg,1559993590.0,859,0.99,18,CasualUK,Miss-Hell
by6pev,Check out this absolute unit of a luggage,,https://imgur.com/QOAWh1H,1559990183.0,88,0.94,31,CasualUK,Kulikant
by6ntg,The chase was interesting this morning.,,https://v.redd.it/plda63tz04331,1559989804.0,277,0.97,40,CasualUK,rcarney12345
by674x,You know you are close to landing in the UK,,https://imgur.com/S7fsaXk,1559985658.0,372,0.99,48,CasualUK,xenascus
by630h,These two coppers have a great sense of humour dust tagging their own van with L plates,,https://i.redd.it/epq44haql3331.jpg,1559984637.0,51,0.84,7,CasualUK,Quercusrobar
by5zmh,Found this guy back in it's natural habitat,,https://i.imgur.com/k5LmOED.jpg,1559983751.0,126,0.99,7,CasualUK,Bloooper
by5pja,My wife can't wait to gobble this up,,https://i.redd.it/wa16r0ywa3331.jpg,1559981004.0,412,0.9,66,CasualUK,Zippyversion1
by4ri7,Tunnocks Teacake inventor knighted. RESULT!!!,,https://www.mirror.co.uk/news/uk-news/inventor-tunnocks-teacake-given-knighthood-16479357,1559972733.0,927,0.99,76,CasualUK,stateit
bxzn4b,"Full English Breakfast my gf‚Äôs mom made. First time as an American having one. Can‚Äôt tell if I‚Äôm glad I‚Äôm living here because of this, or if it‚Äôs a bad thing because of the weight I‚Äôm going to gain.",,https://i.redd.it/1lzcfjubyz231.jpg,1559940470.0,190,0.94,140,CasualUK,doodoggrimes
bxzdct,Sixth Formers emailed this to everyone and a few people actually believed it,,https://i.redd.it/kw8nesp2uz231.jpg,1559939023.0,2137,0.98,134,CasualUK,scarbs420
bxz794,Art in the toilet of the holiday cottage we're staying at in Keswick,,https://imgur.com/eFsswy9,1559938106.0,56,1.0,9,CasualUK,jh89th
bxz2ec,Poppies on a gray day,,https://i.redd.it/fj3juxlcpz231.jpg,1559937427.0,91,0.97,11,CasualUK,captain-marvellous
bxyqnr,My uncles so fat that when he was talking about the football people thought he was on about losing weight,,https://i.redd.it/ooem6858kz231.jpg,1559935703.0,10346,0.98,197,CasualUK,Pablo-Escocarr
bxydob,Day 45 - they suspect nothing...,,https://i.redd.it/01qpk90qez231.jpg,1559933857.0,149,0.98,10,CasualUK,hantothet
bxy4nm,What‚Äôs the bloke from Homes under the hammer doing at the women‚Äôs World Cup?,,https://i.imgur.com/4SCB59e.jpg,1559932571.0,92,0.95,23,CasualUK,[deleted]
bxxuwl,Finally a road works sign I can agree with,,https://i.redd.it/cbibsepn6z231.jpg,1559931158.0,100,0.99,8,CasualUK,sgmsa
bxxfrb,Stairs going up to the bedrooms.,,https://www.youtube.com/watch?v=MTjs59onomo,1559929091.0,55,0.96,7,CasualUK,ParrotofDoom
bxwuaz,Sims eat your heart out..,,https://i.redd.it/8dzqhjybry231.jpg,1559926002.0,105,0.97,32,CasualUK,licklesparkle
bxwsfu,The sign on the fence of my children's primary school - guess where?,,https://i.redd.it/ybgen1akqy231.jpg,1559925740.0,76,0.97,35,CasualUK,sysfal
bxvh75,I can totally feel Ricky‚Äôs shame!,,https://i.redd.it/v75uiyu96y231.jpg,1559918923.0,181,1.0,18,CasualUK,Rishipwr
bxuxfb,Googled 'restaurants near me' and this creepy wee monstrosity popped up,,https://i.redd.it/k3ygpz4exx231.jpg,1559915917.0,139,0.99,22,CasualUK,pineappledipshit
bxuc4f,"Yesterday I posted an image of notes and sweets I was giving to my neighbours regarding a party. It was met with insults, threats and general negativity. All I'm asking is you remember there's a person on the other side of the screen.","I've been on Reddit for nine years. I'm not a stranger to the casual insults that fly around. I've done it myself. Yesterday I spent the afternoon feeling genuinely attacked and depressed after reading through the comments left on my [post](https://www.reddit.com/r/CasualUK/comments/bxd1u7/im_having_a_party_i_dont_want_to_annoy_the/) regarding having a party.

I get it. It's CasualUK, it's just a bit of banter. It's just a joke. Don't take it personally. It's not meant in a nasty way. Now multiply being insulted/attacked/generally made to feel bad by an inbox of comments. Is it still just a joke? I began replying to the comments in a lighthearted way and by the end, I felt genuinely depressed. Mentally drained.

You're a cunt. I'd sabotage your party. I'd call the police on you. What a dick. Fuck you and your stupid party. Just a tirade of negativity. All this for a lighthearted post about some notes and sweets.

I'm not here to debate the content/context. You want to say something or disagree, you're free to do so of course and I get it, you've only got a photo to go on. Not all the details. I  just want to remind you that there is actually a person on the other side of this screen. There are feelings being affected when you write these things. I'm not some monster. It's very easy to forget that you're not just having some light hearted banter with someone. You're genuinely making that person feel crap for the rest of the day because of that banter bandwagon it's so easy to be part of. 

I know you might think this is an overreaction, since you didn't have the inbox of insults, but I'm entirely serious. You made someone pretty depressed yesterday for the purposes of an upvote. Yes I know it sounds silly for a 35 year old guy to say ""The internet hurt me"". I've been here long enough to realise this happens. But this is CasualUK. We're supposed to be a welcoming community. Not making someone feel shit.

Anyway, I'm not a monster. I post [flowers](https://www.reddit.com/r/CasualUK/comments/87a42c/tesco_are_delivering_free_daffodils_with_my_food/), and [nice buildings](https://www.reddit.com/r/CasualUK/comments/8v9rlu/the_royal_liver_building_a_grade_i_listed/), [cupcakes](https://www.reddit.com/r/CasualUK/comments/98kqr0/i_made_some_chocolate_cupcakes_covered_in_nutella/), and [sandwich infographics](https://www.reddit.com/r/CasualUK/comments/9k4n54/on_thursday_i_asked_you_what_you_like_on_your/)

I'm just saying sometimes this subreddit isn't banter anymore. It's vicious and can affect someone's mental health for the day. Please just bare it in mind.

Thanks.",https://www.reddit.com/r/CasualUK/comments/bxuc4f/yesterday_i_posted_an_image_of_notes_and_sweets_i/,1559912439.0,1547,0.89,264,CasualUK,anagoge
bxu44m,Found the hill I‚Äôm willing to die on,[deleted],https://i.imgur.com/Nxppw9i.jpg,1559911067.0,245,0.99,20,CasualUK,[deleted]
bxtij6,Spotted at Newton Abbot train station,,https://i.redd.it/wt0j32f27x231.jpg,1559907097.0,199,0.98,4,CasualUK,arosegunners
bxsws3,The Guardian's cricket correspondent might be a bit bored,,https://i.redd.it/fr6b5t6ytw231.png,1559902688.0,110,0.98,12,CasualUK,PM_ME_BEEF_CURTAINS
bxsmxc,Which one of you ordered a Nando‚Äôs to the top of Snowdon?,,https://i.redd.it/zmj0g89wnw231.jpg,1559900618.0,15787,0.95,359,CasualUK,Hjb2001
bxs94x,70s British Art is a bit of an acquired taste.,[deleted],https://i.redd.it/pvzcp80hew231.jpg,1559897458.0,231,0.97,64,CasualUK,[deleted]
bxs0v9,Monkey Tennis,,https://i.imgur.com/WUlCoaF.jpg,1559895378.0,55,0.93,5,CasualUK,loudribs
bxri32,According to this cup I have penile cancer,,https://i.imgur.com/vTgP7KB.jpg,1559891032.0,183,0.96,8,CasualUK,CatDeeleysLeftNipple
bxrfz1,"Indicator of refinement, sophistication, and worldliness",,https://i.redd.it/h766ujgxtv231.jpg,1559890561.0,859,0.93,127,CasualUK,BellaKaterina84
bxrauk,If anyone is looking for some light holiday reading I may have found the perfect book,,https://imgur.com/a/cwQlgFY/,1559889402.0,76,0.94,13,CasualUK,kungpowfunk
bxo6da,Lest we forget,,https://i.redd.it/tag4wy54xt231.jpg,1559867396.0,206,0.94,8,CasualUK,robshine1967
bxm6jl,England's Back 4 Tonight...,,https://i.redd.it/dz6imrokzs231.png,1559856141.0,82,0.96,3,CasualUK,LondonDude123
bxm5am,"A People Map of the UK, where city names are replaced by their most Wikipedia‚Äôed resident: people born in, lived in, or connected to a place.",,https://pudding.cool/2019/06/people-map-uk/,1559855949.0,183,0.98,98,CasualUK,NoceboHadal
bxlq6b,Love Island spin-off announced,,https://i.redd.it/g4nsbsrlss231.jpg,1559853781.0,81,0.84,17,CasualUK,Puddyl675
bxl0cc,10/10 for creativity,,https://i.redd.it/4n6vo44ehs231.jpg,1559850001.0,454,0.99,28,CasualUK,n00bcheese
bxkkz7,I'm a 33 guy and Mummy still makes me a birthday cake.,,https://i.redd.it/9s1jcng1bs231.jpg,1559847869.0,2041,0.97,113,CasualUK,EarlOfBronze
bxkfog,Saw this guy with his Cheesestring on the canal today...,,https://i.redd.it/ww6ho5dv8s231.jpg,1559847135.0,216,1.0,22,CasualUK,Corporate_Automaton
bxke8g,‚ÄòDescribe yourself in three words‚Äô,,https://i.imgur.com/ncQv2lg.jpg,1559846943.0,87,0.97,5,CasualUK,defuzzman29
bxjyyr,Dont believe you mate,,https://i.redd.it/93b2wvmw1s231.jpg,1559844793.0,8768,0.98,126,CasualUK,BrendanCutler14
bxjv3s,I‚Äôm taking my dog to Crufts,,https://i.redd.it/5406deab0s231.jpg,1559844258.0,315,0.96,16,CasualUK,Perceval_00
bxjn5g,Went for a walk by the canal in Gloucester,,https://i.redd.it/qompnumxwr231.jpg,1559843126.0,434,0.97,43,CasualUK,doggosRlyf
bxjijx,Little hedgy in my (walled) garden! Do they climb??,,https://i.redd.it/z5eil1m1vr231.jpg,1559842486.0,93,0.98,20,CasualUK,[deleted]
bxj148,This has to be one of the best railways in Britain. The Ffestiniog railway in north Wales.,,https://i.redd.it/ea3e80bqnr231.jpg,1559840035.0,392,0.98,31,CasualUK,CamberwickGreen
bxhf0r,A couple of months ago I posted about me and my boyfriend being on holiday in Wales. We're back at the same cottage and it's as beautiful as ever!,,https://i.imgur.com/ukaOoDF.jpg,1559831666.0,56,0.9,3,CasualUK,youknowshelovesthatd
bxh1y3,Some genius put this on a post next to our local dogwalking field. It's made out ofsn old bottle and dispenses poo bags,,https://imgur.com/mWsBT1z,1559829658.0,204,0.98,23,CasualUK,iff_true
bxh1ec,On a bench in Leedsü§∑üèª‚Äç‚ôÇÔ∏è,,https://i.redd.it/hwl0pizmsq231.jpg,1559829571.0,125,0.99,11,CasualUK,wizkidstring
bxgzkg,Gotta love that British humour!,,https://i.redd.it/ogz2smrprq231.jpg,1559829269.0,70,0.92,9,CasualUK,oh_nursey_nurse
bxg8bs,I beg your pardon? This is exactly what I expect from any good Italian in the UK.,,https://i.redd.it/a0687rmadq231.jpg,1559824609.0,900,0.98,41,CasualUK,VeracityFirst
bxev3d,What is the greatest British advert of all time and why is it the Blackcurrant Tango ad from 1997?,,https://www.youtube.com/watch?time_continue=10&amp;v=qC2dC42iMtQ,1559814685.0,496,0.97,157,CasualUK,dirtysantchez
bxesni,"Another piece of art from the artist NME in Teignmouth, Devon",,https://i.redd.it/q4rqo1hqip231.jpg,1559814132.0,320,0.95,28,CasualUK,Dazed_And_MoreBooze
bxeocp,Found me and the missus on street view.,,https://i.redd.it/o5o261fofp231.jpg,1559813104.0,86,0.9,24,CasualUK,orourke89
bxemkr,Fartnership,,https://i.imgur.com/4SQADws.jpg,1559812677.0,103,0.95,4,CasualUK,smellycoat
bxehu6,This hilarious sign was put up in the ladies toilets last year at work üí©,,https://i.redd.it/y0wlvlg7bp231.jpg,1559811600.0,261,0.97,24,CasualUK,ultimatekatie
bxebhr,Windows boot failure on a black cab,,https://i.redd.it/csg2k0le6p231.jpg,1559809988.0,139,0.99,23,CasualUK,Threadpigs
bxeaqj,Everytime you sign for a parcel,"""Can you just sign here mate?""

/*throws pen at machine*

""That's great mate, cheers""",https://www.reddit.com/r/CasualUK/comments/bxeaqj/everytime_you_sign_for_a_parcel/,1559809797.0,70,0.96,27,CasualUK,boogie_boots
bxe8jp,"D-Day cake round 2! This is the other cake made for the Portsmouth celebrations yesterday, this time about the soldiers",,https://i.redd.it/172agp184p231.jpg,1559809252.0,98,0.93,12,CasualUK,LoveAGlassOfWine
bxe1g2,"Lost my new I phone at the 02 during Hugh Jackman concert someone handed it into security, picked it up today. Faith in humanity restored.",,https://www.reddit.com/r/CasualUK/comments/bxe1g2/lost_my_new_i_phone_at_the_02_during_hugh_jackman/,1559807515.0,67,0.88,29,CasualUK,devocooks
bxdz66,"No British Gas, I am not going to pay you 80% more than I need to!",,https://i.redd.it/nm39m124xo231.jpg,1559806973.0,77,0.96,30,CasualUK,tirboki
bxdpx2,Sod ‚Äòall,,https://i.redd.it/4b3ddty6ro231.jpg,1559804872.0,72,0.95,6,CasualUK,WalkingMinotaur
bxd3pl,Early summer wildflowers of west Cornwall,,https://i.redd.it/118bee2yco231.png,1559800112.0,81,0.95,16,CasualUK,BellaKaterina84
bxd1u7,I'm having a party. I don't want to annoy the neighbours in my complex so I'm dropping these in their mailboxes.,,https://i.redd.it/ef4j13ilbo231.jpg,1559799738.0,15013,0.91,825,CasualUK,anagoge
bx7jhy,This was the view of the Red Arrows heart from the Gosport side. ‚ù§Ô∏è,,https://i.imgur.com/1pUadwg.jpg,1559766847.0,73,0.92,3,CasualUK,funeralball
bx74um,"Bit rusted, but still, an artefact none the less!",,https://i.redd.it/r8fkl235gl231.jpg,1559764838.0,54,0.94,5,CasualUK,TheAnimeMemer
bx6oes,The first time I've seen a 'Pegasus Crossing'. They have higher buttons and a big area to wait for the horses crossing the road.,,https://i.redd.it/lk24ydid9l231.jpg,1559762563.0,104,0.99,17,CasualUK,idgafjake
bx6g5f,PSA: There's new Black Mirror on Netflix.,That is all.,https://www.reddit.com/r/CasualUK/comments/bx6g5f/psa_theres_new_black_mirror_on_netflix/,1559761410.0,73,0.89,25,CasualUK,theartofrolling
bx6azc,"My 96 yo Grandmother on the D-Day anniversary, a very proud WREN","&amp;#x200B;

https://preview.redd.it/2flxrkco3l231.jpg?width=624&amp;format=pjpg&amp;auto=webp&amp;s=8422ac9fcc3ec025e7b460b95c93f71cf9dba2b6",https://www.reddit.com/r/CasualUK/comments/bx6azc/my_96_yo_grandmother_on_the_dday_anniversary_a/,1559760738.0,107,0.94,12,CasualUK,Khuteh
bx5o57,Thought you all might like to see one of the cakes served at the D-Day celebrations today (my sister was there!) It was a fruit cake made by a very talented Navy officer,,https://i.redd.it/w9fcax5quk231.jpg,1559757630.0,239,0.96,15,CasualUK,LoveAGlassOfWine
bx5jfk,He doesn't understand me,,https://imgur.com/Wg665T6,1559756989.0,694,0.98,58,CasualUK,Lishmi
bx40ux,The Red Arrows today in Portsmouth,,https://i.redd.it/qrcw1lr36k231.jpg,1559749350.0,7544,0.97,191,CasualUK,Huzzey3
bx3qce,Scottish cocktail: Irn Pmms,,https://i.redd.it/srrk56tj1k231.jpg,1559747822.0,189,0.99,20,CasualUK,skinluggage
bx3f75,Missing person: Have you seen Rob Dunn? Last seen in Wiltshire.,,https://imgur.com/yFSTNUc.jpg,1559746174.0,112,0.95,10,CasualUK,meringueisnotacake
bx2s9t,My first harvest! Got my allotment in April,[deleted],https://i.redd.it/thdf45j2mj231.jpg,1559742630.0,160,0.97,30,CasualUK,[deleted]
bx21cp,How often should we do stuff?,,https://i.redd.it/od3af5wj8j231.jpg,1559738070.0,67,0.86,135,CasualUK,elbandito9
bx20c9,Spotted in Weymouth,,https://imgur.com/AcQUKpA.jpg,1559737883.0,129,0.98,23,CasualUK,meringueisnotacake
bx20ak,Ever bumped into an ex in the street? I sold this beauty to a dealer two years ago. Bloke who owns it now uses as a daily driver!,[deleted],https://i.redd.it/dk88d0fz7j231.jpg,1559737876.0,360,0.98,70,CasualUK,[deleted]
bx2086,How big does Asda think my nose and/or ears are? 10p for scale!,,https://i.redd.it/vz697tyx7j231.jpg,1559737863.0,91,0.94,14,CasualUK,Kimchi_Raikkonen
bx1az1,"We laid a wreath at Sword beach today, the veterans were guests of honour.",,https://i.redd.it/49hvqtwlsi231.jpg,1559732707.0,531,0.96,25,CasualUK,mazdanc
bx11po,"Piece of artwork in Teignmouth, Devon from the artist NME to highlight the levels of plastics in the ocean",,https://i.redd.it/6xab0q3emi231.jpg,1559730615.0,130,0.98,14,CasualUK,Dazed_And_MoreBooze
bx0vg4,"I climbed Snowden at the weekend, this was a view we got on the way down.",,https://i.redd.it/zz1qvufyhi231.jpg,1559729138.0,313,0.98,22,CasualUK,parkes00
bx0v68,Can he fix it?,,https://i.redd.it/z6dknemrhi231.jpg,1559729064.0,235,0.99,14,CasualUK,santawerewolf
bx0hvu,Local nowt else recycling point,,https://i.redd.it/s83642iz7i231.jpg,1559725770.0,1103,0.99,17,CasualUK,[deleted]
bx01dq,Shame shame shame!!! This just made me giggle üòå,,https://i.redd.it/oy480kxpuh231.jpg,1559721310.0,70,0.88,41,CasualUK,LemonPieCosmo
bwzuyu,Someone at work put cans of Dr Pepper in the freezer,,https://i.redd.it/l2pu9rk3ph231.jpg,1559719662.0,124,0.97,43,CasualUK,Slaeowulf
bwyf40,Basil be chilling.,,https://i.redd.it/iz88aqsjrg231.jpg,1559708139.0,339,0.97,19,CasualUK,Blnze1
bww48g,"Nothing to see here, just another day on British TV.",,https://i.redd.it/o5s30mkvjf231.jpg,1559693448.0,81,0.94,12,CasualUK,bensastian
bwv89y,"Found this poster in a pub I was in tonight, tells you exactly where the money from your pint goes",,https://i.redd.it/2lrhbplg4f231.jpg,1559688279.0,230,0.98,106,CasualUK,bells1
bwtygx,"For Mother's Day, gifts are usually things like chocolates, flowers and spa days. For us dads Sainsburys seems to think we want beard trimmers and old comedy DVDs.",,https://imgur.com/BUI9VNj,1559681738.0,75,0.95,57,CasualUK,mykeuk
bwt6az,How very British. Pigeon queuing for his turn in my bird feeder waiting for the squirrel,,https://i.redd.it/b8xqyewh9e231.jpg,1559677850.0,98,0.96,7,CasualUK,KazzyJJ
bws55c,You really can buy anything in Wilko,,https://i.redd.it/hik95cz9ud231.jpg,1559672872.0,83,0.96,18,CasualUK,PM_ME_CAT_TOES
bwpn4u,Nothing beat these things as a kid.,,https://i.redd.it/2kkgvnctsc231.jpg,1559660139.0,90,0.95,34,CasualUK,[deleted]
bwp72i,Road signs are getting more and more specific,,https://i.redd.it/m3gn1p2rlc231.jpg,1559657758.0,85,0.96,4,CasualUK,Mogar_the_Bear
bwoxye,Does anyone else do this with crisp packets?,[deleted],https://i.redd.it/89gzgaehhc231.jpg,1559656342.0,156,0.93,77,CasualUK,[deleted]
bwojbo,Mildly disconcerting shop sign,,https://i.redd.it/lo9m5a9cac231.jpg,1559653921.0,80,0.95,13,CasualUK,[deleted]
bwoi8w,The pinnacle of Year 9 jokes,,https://i.imgur.com/G2vmQhu.jpg,1559653746.0,60,0.93,22,CasualUK,daconmat321
bwogk2,Got given this 1/2 penny today. 5000 miles away from the UK.,,https://i.imgur.com/eqdFqf1.jpg,1559653463.0,122,0.99,18,CasualUK,Dongbeilaowai
bwoa10,Was pleasantly surprised at lunch today with this beauty. The lucky bourbon.,,https://i.redd.it/jw48ana85c231.jpg,1559652317.0,219,0.98,20,CasualUK,Mr_Motionary
bwnxlz,PSA: this is the correct amount of bacon that you should have in a sandwich.,,https://i.redd.it/omrzsfliyb231.jpg,1559649971.0,387,0.93,71,CasualUK,millsytime
bwn307,"My father gave me this yesterday, his father made it in the 50s. I've no idea what to do with it.",,https://i.imgur.com/Bgv7dHP.jpg,1559643602.0,104,0.98,61,CasualUK,[deleted]
bwn0xv,I was at the doctor's this morning for a medication review and he told me to make an appointment for a blood test. The receptionist said 'is in 5 minutes OK'.,"Turned out the nurse had a short gap in her schedule, just enough time to poke me with a needle. Sometimes things go just right.",https://www.reddit.com/r/CasualUK/comments/bwn0xv/i_was_at_the_doctors_this_morning_for_a/,1559643121.0,135,0.96,34,CasualUK,webchimp32
bwmhb0,"Ew, City College... gross",,https://i.redd.it/u6w3esqzza231.jpg,1559638356.0,69,0.91,6,CasualUK,Antifaith
bwmdqy,I‚Äôve always wondered what the queen carries in her handbag...,,https://i.redd.it/s8xkt0o5xa231.jpg,1559637379.0,60,0.91,119,CasualUK,KazzyJJ
bwmdl5,Timed my last fill-up to perfection!,,https://imgur.com/AOShKQ3,1559637335.0,133,0.94,13,CasualUK,PM_ME_YOUR_ZITS_G1RL
bwm3ze,This Blue Tit woke me up this morning by pecking my window.,,https://i.redd.it/fisv8hwgpa231.gif,1559634807.0,305,0.99,46,CasualUK,Pskinishighasf
bwltfq,I‚Äôm sold!,,https://i.redd.it/1ux1tpepha231.jpg,1559632189.0,14139,0.97,326,CasualUK,swappinhood
bwgyo8,A picture of ‚Äúthe scenic‚Äù route home from our ‚Äúsummer‚Äù holiday in Cornwall.,,https://i.redd.it/bqtypjy9w7231.jpg,1559600763.0,65,0.94,19,CasualUK,NewForOlly
bwgxyx,no more cream biscuits,,https://i.redd.it/obtslrmyv7231.jpg,1559600657.0,59,0.97,1,CasualUK,a_big_bee
bwfzn8,"Three weeks on the continent makes you appreciate the little things- See It Say It Sorted, how every London Northwestern train looks the same and what a silly name Leighton Buzzard is. And how happy going home can make you. Love you all!",,https://i.redd.it/9u914k8gh7231.jpg,1559595790.0,57,0.94,23,CasualUK,millimallow
bwfx9b,The National Trust is a national treasure.,,https://i.redd.it/x9nvc5qcf7231.jpg,1559595458.0,479,0.99,26,CasualUK,_MicroWave_
bwfnnk,Looks like she made a few quid,,https://i.redd.it/nepffz42c7231.jpg,1559594104.0,67,0.96,11,CasualUK,dontbelikeyahoo
bwezjq,"My favourite place in the world; Craig Y Nos Country Park, South Wales.",,https://i.redd.it/laqfmkby27231.jpg,1559590903.0,90,0.94,7,CasualUK,kyridwen
bwezb1,Turns out Charles Bronson creates and distributes colouring books for primary schools around the UK,,http://imgur.com/gallery/im5JnSK,1559590871.0,62,0.96,9,CasualUK,kushdizzle
bwecw2,"I don't know if this is allowed, I work in youth mental health and this free UK based online counselling service for 11-24 year olds is brilliant. At this time of year with exams and other pressure, I just thought it might be a good place to share it! You never need to face things alone!",,https://www.kooth.com/,1559587826.0,1092,0.98,63,CasualUK,allthekos
bwe6je,Does anyone have a poo stool?,My mate swears by his poo stool and that everyone should have one. He uses it to raise his legs while he poos. I think he‚Äôs mental.,https://www.reddit.com/r/CasualUK/comments/bwe6je/does_anyone_have_a_poo_stool/,1559586943.0,64,0.93,116,CasualUK,millsytime
bwd9dn,Nice work,,https://i.redd.it/7igtjugid6231.jpg,1559582345.0,657,0.98,30,CasualUK,okthisisawesome
bwczny,The work van was an enjoyable experience this morning,,https://i.redd.it/ud8wbgfi96231.jpg,1559581000.0,113,0.88,1,CasualUK,ur_mom_n_i
bwb9lq,Get on Ed,,https://i.redd.it/c8mc22axi5231.jpg,1559572063.0,294,0.99,13,CasualUK,Camplaysgames
bwaxou,Saw this on the way to uni,,https://i.redd.it/ne36e1n3d5231.jpg,1559570202.0,97,0.95,6,CasualUK,eosin_ocean
bwagbu,My Old English Lavender...tasty treat for the bees üêù,,https://i.redd.it/9yip756f45231.jpg,1559567213.0,223,0.97,13,CasualUK,crazycockerels
bw9t3w,Sunbather enjoying the weather on Tower Bridge this weekend,,https://i.redd.it/ra53zcpur4231.jpg,1559562954.0,999,0.98,83,CasualUK,freddypingpong69
bw9mrc,Things are really hotting up at the local library!,,https://i.redd.it/m3kraluxn4231.jpg,1559561640.0,168,0.98,10,CasualUK,Fandangojango
bw93jn,Today I became an allotment tenant. Can‚Äôt wait to get stuck in!,,https://i.redd.it/k1i1gflrb4231.jpg,1559557553.0,738,0.99,138,CasualUK,Bully90
bw8qs8,Who put these in our foodbank collection point?,,https://i.redd.it/ynu27tjk24231.jpg,1559554460.0,180,0.98,88,CasualUK,ManILoveFarming
bw8hre,I found this guy on YouTube who edits popular British programs and it's brilliant.,,https://youtu.be/NdHWzAeWTVI,1559552217.0,226,0.96,51,CasualUK,reecet124
bw838v,You had one job.......,,https://scontent-lhr3-1.xx.fbcdn.net/v/t1.0-9/fr/cp0/e15/q65/61621035_2192245980842171_8414914975335710720_n.jpg?_nc_cat=105&amp;efg=eyJpIjoidCJ9&amp;_nc_ht=scontent-lhr3-1.xx&amp;oh=7989270053bf696bf065fb5956650274&amp;oe=5D9A9592,1559548387.0,3138,0.99,88,CasualUK,Tennents_N_Grouse
bw7lqc,"TIL Of the 1,213 warships involved in D-Day, only 200 were American and 892 were British; of the 4,126 landing craft involved, 805 were American and 3,261 were British",,https://edition.cnn.com/2016/06/06/opinions/d-day-myth-reality-opinion/index.html,1559543989.0,144,0.93,11,CasualUK,[deleted]
bw7kzi,"What is train armrest etiquette? Is that barrier between us first come first serve, or should neither of us use it, or can we both use it a bit?",,https://i.redd.it/1phg9osx63231.jpg,1559543818.0,104,0.97,36,CasualUK,Christofferoo
bw78a8,"TIL: The speed cameras in Germany are made to take photos of drivers who sit in the left side of the vehicle, so a driver using a British car put a muppet in the passenger seat to hide their identity.",,https://boingboing.net/2008/10/27/german-traffic-cops.html,1559540961.0,102,0.96,5,CasualUK,panicky_in_the_uk
bw3tot,Britain‚Äôs Got Talent viewers when somebody with a military background is a contestant,,https://i.redd.it/exmw1yw431231.jpg,1559518321.0,156,0.95,31,CasualUK,hauntedbundy_
bw3hbe,I think I found a Scottish Penny.,,https://v.redd.it/75z32hk0x0231,1559516314.0,95,1.0,7,CasualUK,AcoupleofIrishfolk
bw3ciq,"Few weeks ago I posted the final HSTs from Paddington. Yesterday, the final 8 coach gWr HST set went on one final hurrah tour around the network. 43002/253001 is now off to a museum.",,https://i.redd.it/o5qvdlluu0231.jpg,1559515535.0,59,0.95,13,CasualUK,BobsPizzas
bw3659,Interesting discovery thanks mum.,,https://i.redd.it/0nt5h2nur0231.jpg,1559514525.0,379,0.97,4,CasualUK,[deleted]
bw2ze5,"Saw this properly chilled out mallard earlier, awesome duck",[deleted],https://i.redd.it/31f7p54io0231.jpg,1559513424.0,151,0.98,10,CasualUK,[deleted]
bw264m,people who leave this paper in the butter even though we‚Äôre half way in make my skin crawl,,https://i.redd.it/myrc996ab0231.jpg,1559508956.0,218,0.96,57,CasualUK,AdamJArcher
bw24fs,Pillar Box with Royal Cypher E VII R (Edward VII Rex),,https://i.redd.it/dmczlf4ia0231.jpg,1559508698.0,50,0.96,11,CasualUK,Fosse22
bw17no,Why are these not more widespread?,[deleted],https://i.redd.it/7zpzc2nxvz131.jpg,1559503810.0,66,0.95,27,CasualUK,[deleted]
bw10o0,I find this offensive,,https://i.redd.it/wgoy3p8xsz131.jpg,1559502781.0,22864,0.96,897,CasualUK,[deleted]
bw0u5f,Getting maximum covers from your restaurant space.,,https://i.redd.it/zkb59ck3qz131.jpg,1559501831.0,224,0.98,22,CasualUK,2moos
bw0tki,The loneliest seat in the pub.,,https://i.redd.it/3yumv2rtpz131.jpg,1559501740.0,149,0.99,34,CasualUK,tomkeys78
bw0ans,Put on a few pounds ladies? Dotty P's got you covered,,https://imgur.com/wnoLJq5.jpg,1559498927.0,71,0.85,15,CasualUK,OneOverNull
bw0a48,Beamish! The living museum! Such an amazing experience!,,https://i.redd.it/zgtbc7w4hz131.jpg,1559498852.0,261,0.99,79,CasualUK,UnpreparedSugar
bw095l,A 1308 minute wait for my train,[deleted],https://i.redd.it/nwmjsnktgz131.jpg,1559498711.0,66,0.99,10,CasualUK,[deleted]
bvzkzy,Having no interest in Football but scrolling through r/Popular after a big match.,,https://i.redd.it/hgxih5176z131.gif,1559495140.0,552,0.93,45,CasualUK,MrVernonDursley
bvzip7,Everyone has a cupboard like this,,https://i.redd.it/0n9euv495z131.jpg,1559494821.0,185,0.96,35,CasualUK,GhostFranks
bvz3hh,"The ""Smeg"" tattoo sleeve. Spotted at a tattoo exhibition in Bristol.",,https://i.redd.it/ilxmyk0gyy131.jpg,1559492535.0,79,0.96,14,CasualUK,SmileyJam
bvy8xx,Don't do drugs children.,,https://i.redd.it/iy2363keky131.jpg,1559487807.0,68,0.94,6,CasualUK,fullofheartandfullof
bvxlux,"Remember folks, be responsible. Always be ready to get lucky!",,https://i.redd.it/3xs9k47i8y131.jpg,1559483806.0,457,0.98,16,CasualUK,Bigjambo1
bvxjat,It‚Äôs official. The Queen is with British Gas,,https://i.redd.it/1nbqq6137y131.jpg,1559483330.0,404,0.99,42,CasualUK,Ryannnnnn
bvxfjb,Just a good boi being good for a photo,,https://i.redd.it/2spj8lyy4y131.jpg,1559482619.0,69,0.86,7,CasualUK,Bully90
bvxdbs,I'm currently on holiday in Thailand and have discovered the best form of entertainment....,"When you see a british hard lad ordering food in a restaurant and saying he doesn't need 'western style' (less spicy) then seeing the slow but unstoppable march of regret creep over his face and into his soul as he tries to maintain his machismo; and the inevitable tear-filled finale.

I'm pretty sure the staff get a kick from it too.",https://www.reddit.com/r/CasualUK/comments/bvxdbs/im_currently_on_holiday_in_thailand_and_have/,1559482194.0,69,0.93,30,CasualUK,bigFatHelga
bvx0yb,"Aftermath of the Champions League, Liverpool",,https://i.redd.it/koxn9opqwx131.jpg,1559479850.0,122,0.95,40,CasualUK,ElmHoe
bvwtu7,"Clearing out some bits at my parents house, found this gem.",,https://i.redd.it/igyajkr5sx131.jpg,1559478314.0,668,0.99,22,CasualUK,Miss_Twiss
bvwgxi,I‚Äôm not superstitious but.......,,https://i.redd.it/cy40roa9jx131.jpg,1559475318.0,91,0.94,22,CasualUK,larrydavid1987
bvwde3,I may need to put the lottery on,,https://i.redd.it/yuubxy2lgx131.png,1559474422.0,120,0.97,15,CasualUK,acreamyshag
bvwcjw,TIL: Boscombe Pier has an eco-friendly mini golf course,[deleted],https://i.redd.it/62h45auqqv131.jpg,1559474216.0,324,0.98,16,CasualUK,[deleted]
bvvzoy,"I got really lucky yesterday and had an operation in a private hospital, this was the lunch they gave me. The other half really do have it better.",,https://i.redd.it/kz07oge06x131.jpg,1559470860.0,137,0.96,61,CasualUK,thefabulousbomb
bvvtnh,He looked so normal when we got him....,,https://v.redd.it/lb6kzfuj0x131,1559469227.0,124,0.97,17,CasualUK,MrsJessicaTitchener
bvvk5k,Drunk Magpie,,https://gfycat.com/zigzagcornykarakul,1559466617.0,596,0.99,31,CasualUK,spudgun81
bvva7z,Under seige,,https://i.imgur.com/773A1LP.jpg,1559463741.0,196,0.98,30,CasualUK,Mossley
bvv8y0,My perfect stacks of delightfully shiny pennies. My week is complete.,[deleted],https://i.redd.it/8lpv50dqjw131.jpg,1559463368.0,54,0.91,5,CasualUK,[deleted]
bvux5y,Saw this on the way to work one morning,,https://i.redd.it/ozmsv6cx9w131.jpg,1559460070.0,59,0.9,11,CasualUK,KazzyJJ
bvuppr,What‚Äôs a weird local legend where you‚Äôre from?,[deleted],https://www.reddit.com/r/CasualUK/comments/bvuppr/whats_a_weird_local_legend_where_youre_from/,1559457997.0,75,0.97,120,CasualUK,[deleted]
bvrgcf,Tonight I tucked my dress in to my pants when I went to the toilet in my local.,"And I didn‚Äôt notice until after I went to the bar, then walked to the other end of the pub and sat down. I wasn‚Äôt even drunk. It wasn‚Äôt even the back of my dress, it was the front.",https://www.reddit.com/r/CasualUK/comments/bvrgcf/tonight_i_tucked_my_dress_in_to_my_pants_when_i/,1559434222.0,77,0.95,30,CasualUK,Cazawazza
bvr3jd,The new Noddy looks like an American teenager who moved to L.A after becoming famous on Tik Tok...,,https://i.redd.it/qsgshk4jyt131.jpg,1559432024.0,479,0.97,43,CasualUK,IHateOtherRedditors
bvqzol,We all let this happen,,https://i.redd.it/giy1gk6jwt131.jpg,1559431351.0,4827,0.98,76,CasualUK,denisraymond
bvqz0f,Not so smiley faces.,,https://i.redd.it/es3qkij6wt131.jpg,1559431236.0,74,0.98,6,CasualUK,idgafjake
bvqb6k,Swear words ranked by severity.,,https://i.redd.it/oq2z6xlhkt131.jpg,1559427305.0,79,0.98,32,CasualUK,Diffleroo
bvpfv5,Quintessential British reading,,https://i.redd.it/962caoj76t131.jpg,1559422503.0,462,0.97,51,CasualUK,Diffleroo
bvp86v,"Hmm, we'll see about that.",,https://imgur.com/N0lqnvl.jpg,1559421290.0,70,0.97,14,CasualUK,featurenotabug
bvp7ep,Waiting in A&amp;E and Casualty is on,,https://i.redd.it/i36v52o82t131.jpg,1559421166.0,452,0.98,50,CasualUK,djnev
bvokg2,I HOPE they mean retinal!,,https://i.redd.it/o08rbj6jrs131.png,1559417575.0,1784,0.94,41,CasualUK,Midnightraven3
bvnzou,Anyone else used to take random buses to anywhere as teenagers and get completely lost ?,It may have been a hassle getting back sometimes but it was a right laugh.,https://www.reddit.com/r/CasualUK/comments/bvnzou/anyone_else_used_to_take_random_buses_to_anywhere/,1559414239.0,68,0.94,39,CasualUK,[deleted]
bvnx28,Sculpting stop motion with a 40 lb block of sharp cheddar .,,https://v.redd.it/p605f0yqhr131,1559413828.0,260,0.96,16,CasualUK,Lifestartsat30
bvn63t,Tottenham Hotspur vs Liverpool - Champions League Final!,"Here we are for the final game of the European Club season and it's an all English final for the second time in history, and the first time since 2008 when John Terry skied it and cried lol.

This time we've got the Tottingham Cocks vs the Live Pool Livers. IT'S BIRD ON BIRD WARFARE!!!

I hope you all enjoy the game and result:

Spurs (Son, 13) 1-2 **Liverpool** (Man√©, 17; Milner, 76 [Pen])

I will update the with links to the teams once they're announced.

[Spurs Team](https://twitter.com/SpursOfficial/status/1134879374971494401?s=19)

[Liverpool Team](https://twitter.com/LFC/status/1134878068517036032?s=19)

FYI: Anyone making a disparaging comment about sport, football etc will be banned for three days. Take your miserable nature elsewhere. Also, standard politics rules apply in case anyone wants to make a hilarious comment about English football and Europe.

**Live scores:**

[Spurs 0-1 Liverpool - 2' Salah (pen)](https://streamja.com/W9NL)

[Spurs 0-1 Liverpool - 17' Streaker](https://streamable.com/ewpgb)

[Spurs 0-2 Liverpool - 87' Origi](https://streamja.com/dAQ9)",https://www.reddit.com/r/CasualUK/comments/bvn63t/tottenham_hotspur_vs_liverpool_champions_league/,1559409550.0,57,0.86,294,CasualUK,jptoc
bvmvyw,‚ÄúLeave him to me. I'll get the bounder!‚Äù,,https://i.redd.it/hb8q01v5zr131.jpg,1559408033.0,144,1.0,27,CasualUK,dtrford
bvmpbe,Toby has lost his mind,,https://imgur.com/J6LKovX,1559407034.0,64,0.93,19,CasualUK,Porkupiine
bvmngb,Saw this at moto fest in Coventry,,https://i.redd.it/drpb2thcvr131.jpg,1559406741.0,219,0.97,9,CasualUK,DINO_S0RE
bvm3p5,Found a relic from a forgotten time.,,https://i.redd.it/b2ck6eb9mr131.jpg,1559403693.0,588,0.99,72,CasualUK,Taemozza
bvlx2b,"‚Ä™Found British Bliss.‚Ä¨ (Only 90s Windows XP kids will get this, etc)‚Ä¨",,https://i.imgur.com/qQDn7JL.jpg,1559402635.0,151,0.91,22,CasualUK,JimmerUK
bvlji6,What a Splash!!! My dog loves the water!,,https://v.redd.it/97772kdfcr131,1559400398.0,54,0.94,15,CasualUK,KazzyJJ
bvkooc,Level of Britishness rising,,https://i.redd.it/cs8kmbfdwq131.jpg,1559394978.0,105,1.0,27,CasualUK,towflowar
bvka7t,"Stop the wardrobe search! Narnia appears to be in New Market, Suffolk",,https://i.redd.it/5yrzgnflnq131.jpg,1559392028.0,66,0.96,3,CasualUK,aaxpc
bvk2lq,"Sun's out, tortoise out",,https://i.redd.it/u761be9qiq131.jpg,1559390400.0,82,0.98,5,CasualUK,fastestcake
bvk22z,The entire country today...,,https://i.redd.it/lm7fxxbciq131.jpg,1559390277.0,478,0.98,45,CasualUK,Frog_Idiot
bvjofp,Remember these guys? My local GAME is closing and this was revealed for a couple of days.,,https://i.redd.it/q77tr8zg8q131.jpg,1559386949.0,84,0.98,18,CasualUK,hairychris88
bvjo1p,"Would those 'technical reasons' be that it's illegal, McDonalds?",,https://i.redd.it/r8zsxyj78q131.jpg,1559386872.0,205,0.97,22,CasualUK,KnyfeGaming
bvjdk1,Nice try Christians but you lost me after the setup,,https://i.redd.it/wsrc8zth1q131.jpg,1559384594.0,215,0.96,22,CasualUK,missilesovermoscow
bvjauf,WHERE IS YOUR GOD NOW?,,https://i.redd.it/9ill7osgzp131.jpg,1559383929.0,177,0.98,34,CasualUK,vbloke
bvj6ox,Novel idea for a business...,,https://i.redd.it/djm5vrk9wp131.jpg,1559382835.0,90,0.96,21,CasualUK,ukgardening
bvj65c,"Excuse me, my temporary password is what..?",,https://i.redd.it/ot5rx7atvp131.jpg,1559382682.0,114,0.94,3,CasualUK,ourpleprange
bviwbk,Ahh the 90's! Who else remembers these?,,https://i.redd.it/krryeyyxnp131.jpg,1559380036.0,96,0.91,22,CasualUK,StraightouttaKernow
bviq74,Shoutout to Tony having his birthday at Legoland Windsor,,https://i.redd.it/rwog5vwmip131.jpg,1559378252.0,68905,0.97,1284,CasualUK,Edamame007
bviku8,Good morning from Lake District!,,https://i.imgur.com/bysq7gX.jpg,1559376760.0,320,0.98,17,CasualUK,NECROmorph_42
bvifkp,UK graffiti (sorry for bad image quality),[deleted],https://i.redd.it/cqsrjnn0ap131.jpg,1559375368.0,212,0.99,22,CasualUK,[deleted]
bvicwz,"Was in a pub in central London last night. Bartender dropped a glass and nobody went ""wheeeeey""...","It all went a bit quiet, then one of middle aged guys in a suit asked if she was okay. 

I fucking hate London.",https://www.reddit.com/r/CasualUK/comments/bvicwz/was_in_a_pub_in_central_london_last_night/,1559374628.0,570,0.92,66,CasualUK,Rick_Dimension_c137
bvi4im,Anyone remember these bad boy's as a kid ?.,,https://i.redd.it/3ovsu6b61p131.jpg,1559372449.0,907,0.95,91,CasualUK,[deleted]
bvhu6y,Cleaning business on Facebook really puts the effort in! Wow! Whats their secret!?,,https://imgur.com/31qG6BB,1559369814.0,208,0.99,43,CasualUK,maybeillcatchfire22
bvf4kj,"Rewatching The Thick of It, this line did not age well at all",,https://i.redd.it/0va9twr36n131.png,1559349841.0,87,0.9,40,CasualUK,AnusOfTroy
bvdhyn,Great British headline,,https://i.redd.it/8s1uzji2dm131.jpg,1559340058.0,134,0.99,9,CasualUK,joewebber81
bvc7al,Unmarked police car spotted on the A27,,https://i.redd.it/5qo0gn71sl131.jpg,1559332983.0,646,0.99,9,CasualUK,Smabacon
bvbz3r,Look at this totally legit bank note,,https://i.redd.it/v8dokaufol131.jpg,1559331775.0,144,0.98,19,CasualUK,Long_John_and_sons
bvbpyi,I have never read a better review of an app,,https://i.redd.it/rorkgy7hkl131.jpg,1559330443.0,65,0.93,6,CasualUK,haulybore
bvbk1e,I almost wish I had ¬£380 to spend on a kayak so I could give this dude money,,https://i.redd.it/1h8yyo9whl131.jpg,1559329575.0,57,0.99,7,CasualUK,h0mosuperior
bvbh7c,Just a heads up that BT Sport are officially streaming tomorrows final on YouTube for free tomorrow,,https://youtu.be/6wOmcXMabYc,1559329180.0,81,0.94,28,CasualUK,squashpickle8
bvb5vt,"My boilers broke, its only took me an hour to fill the bath with hot water from my electric shower and boiling the kettle 20 times, so worth it to browse reddit and relax!",,https://i.redd.it/mnngbjiubl131.jpg,1559327545.0,102,0.9,42,CasualUK,Cazawazza
bvb4yd,Found these cool 50 pence pieces at work today. I had never seen them before today. Thought I'd share incase anyone else hadn't either.,,https://i.redd.it/gtthebbgbl131.jpg,1559327414.0,379,0.98,27,CasualUK,NCC_1701-D
bvb0eg,Being a spice girl means something completely different today than it did 20 years ago,,https://www.reddit.com/r/CasualUK/comments/bvb0eg/being_a_spice_girl_means_something_completely/,1559326771.0,57,0.93,9,CasualUK,[deleted]
bvalo6,Woke up 3am hiked 200 miles for this shot,,https://i.redd.it/e6ik28iz2l131.jpg,1559324699.0,57,0.8,16,CasualUK,elit3powars
bvaj2k,The news guy looks like he‚Äôs been making the most of the sun...,,https://i.redd.it/u20w8grb2l131.jpg,1559324340.0,85,0.95,23,CasualUK,Fires_Of_Fury
bvaa11,This contestant on Pointless sounds exactly like the intro to Bloc Party's Hunting for Witches,,https://youtu.be/nWqYtkbYvSY,1559323058.0,107,0.98,12,CasualUK,DrDaveDavidsonIII
bv9ydd,Universal unit of measurement. How old's my kid? About 25 Calpols.,,https://i.imgur.com/s53bJYv.jpg,1559321428.0,283,0.97,71,CasualUK,custardy_cream
bv9ma2,'British Food' section in Texas,,https://imgur.com/ziwpFkx,1559319782.0,108,0.97,106,CasualUK,cherps_free
bv9cct,This is a new one for me...,,https://imgur.com/ewJfrQ4,1559318496.0,1616,0.99,88,CasualUK,PriorityByLaw
bv93v4,When you come out of your overdraft for the first time in over a year,,https://i.redd.it/myoa15wnhk131.jpg,1559317391.0,269,0.98,10,CasualUK,McBonzo
bv8kd7,If your GP surgery doesn't have one of these are you even dealing with a registered professional?,,https://imgur.com/8z3SyKY,1559314774.0,1191,0.99,50,CasualUK,GrunkleCoffee
bv8iv6,Spotted in my local Asda,,https://i.redd.it/6qjl7y889k131.jpg,1559314554.0,201,0.99,6,CasualUK,Maddyio
bv8how,on the way to Birmingham and saw this absolute mad lad,,https://i.redd.it/pwrdw5vq8k131.jpg,1559314393.0,58,0.98,11,CasualUK,sleenies
bv8guv,Chester station - ticket to Crewe for 18-25 Railcard on top of the payphones by the cashpoint. Good until the second of June but won't be using it in time,[deleted],https://i.redd.it/x3f8coce8k131.jpg,1559314276.0,159,0.98,12,CasualUK,[deleted]
bv8e06,"Tesco, you don't need potatoes on a plastic tray, wrapped in plastic. Stop it.",,https://i.redd.it/877tx2617k131.jpg,1559313889.0,14055,0.97,613,CasualUK,anagoge
bv6yw3,Picked up the missus from work yesterday and I saw a swarm of bees on a tree trunk. I'm so glad the wing mirror didn't disturb them,,https://i.redd.it/9q22f1lxjj131.jpg,1559306048.0,147,0.99,28,CasualUK,greenwood90
bv6sbu,Can someone explain to me WHY cafes put napkins underneath food? All you end up with is a useless napkin FFS.,,https://i.redd.it/zwnmam9lgj131.jpg,1559304926.0,76,0.89,56,CasualUK,Floppy76
bv6300,"TIL If I post myself from Bristol to Plymouth, I'll get there in 13 minutes.",,https://i.redd.it/960wjngi2j131.png,1559300231.0,171,0.96,27,CasualUK,a1phanumeric
bv5svb,Anyone remember Crazy Bones?,,https://i.redd.it/iqs00yucwi131.jpg,1559298118.0,797,0.98,88,CasualUK,SpecialUnitt
bv5ouc,Attempting to get through a long high street full of charity fundraisers.,,https://i.redd.it/maw8olbnti131.jpg,1559297307.0,371,0.97,52,CasualUK,pleasebepleasant
bv5ful,The state of this tea pot at Costa.,,https://i.redd.it/2jwpbz91oi131.jpg,1559295324.0,79,0.95,21,CasualUK,rosseepoo
bv5f3z,"What a great offer, however did we use money to buy things before?",,https://imgur.com/MphFZYy,1559295155.0,125,0.97,26,CasualUK,goldfishpaws
bv5c53,Lo-fi Hip-hop vs Early Sunday Morning Shipping Forecast &amp; News on BBC Radio 4 (Mixtape Mashup),,https://www.youtube.com/watch?v=S9On2F4htCc,1559294485.0,90,0.95,19,CasualUK,unclehaggy
bv4jdb,The very best of the British insults,,https://i.redd.it/6csclhmy0i131.jpg,1559287561.0,14895,0.94,838,CasualUK,larrydavid1987
bv4cv3,"Turns out at least one person a week has the bright idea of making their middle name ""Danger"" [UK Deed Poll Service]",[deleted],http://www.deedpoll.org.uk/AddingAMiddleName.html,1559286117.0,53,0.94,19,CasualUK,[deleted]
bv4cif,"Lest we forget, 14 years ago today Brian Harvey ran himself over with his own car after eating too many jacket potatoes","Gold! Thanks you, kind stranger.",https://www.reddit.com/r/CasualUK/comments/bv4cif/lest_we_forget_14_years_ago_today_brian_harvey/,1559286047.0,1262,0.97,141,CasualUK,vbloke
bv3tu5,Am I the only one here who doesn't like to dunk biscuits into tea?,"Please don't shoot me.

I just don't like crumbs getting into my drink. Plus the biscuit becomes too soggy.

I much prefer taking a bite and then drinking tea directly after a chew or two, letting the biscuit cool the tea and then finishing the job as you normally would when eating a biscuit by swallowing it.",https://www.reddit.com/r/CasualUK/comments/bv3tu5/am_i_the_only_one_here_who_doesnt_like_to_dunk/,1559282034.0,52,0.87,74,CasualUK,strawberrymilky
bv045k,I sent this cake to my brother at his work as a surprise for his 40th birthday.,,https://i.redd.it/krecydnonf131.jpg,1559258880.0,168,0.97,5,CasualUK,Get_Rich_Or_Try_Lyin
buz9in,But... you promised!,,https://i.redd.it/g9vp9fih9f131.jpg,1559254106.0,65,0.95,6,CasualUK,Inwolfsclothing
buys93,37% of are population are terminally stupid.,,https://i.redd.it/0q75faj02f131.jpg,1559251592.0,64,0.81,26,CasualUK,ARK_133
buyose,"After five and a half years here, it's safe to say my American husband has fully assimilated.",,https://i.redd.it/v2o8ngnh0f131.jpg,1559251079.0,225,0.97,20,CasualUK,Bortron86
buyl6o,"Enjoying a spot of sun with a cuppa, before the inevitable downpour that follows.",[deleted],https://i.redd.it/7o6axurkye131.jpg,1559250554.0,322,0.97,65,CasualUK,[deleted]
buyk7t,When you realise you've got the exact same wallpaper as Begby's house in T2,,https://i.redd.it/v4hisizhye131.jpg,1559250413.0,444,0.99,29,CasualUK,vinnyconno
buy1dg,One warm evening in Croydon...,[deleted],https://i.redd.it/9s6capnfqe131.jpg,1559247701.0,136,0.98,20,CasualUK,[deleted]
buxxgi,New banksy spotted in Weston super mare,,https://i.redd.it/3xb37ndroe131.jpg,1559247139.0,246,0.98,18,CasualUK,Spikytoy
buxwb2,This Happened Near Me....,,https://i.redd.it/lov78tt5oe131.jpg,1559246973.0,97,1.0,11,CasualUK,[deleted]
buwzfh,TRIFFID ALERT - MEET DAVE: Absolute unit of a bull thistle at the top of my neighbour‚Äôs drive. I‚Äôm 5‚Äô7 and it‚Äôs a little taller than me.,[deleted],https://i.redd.it/p19l7lupae131.jpg,1559242414.0,100,1.0,38,CasualUK,[deleted]
buwvic,Spoons summed up in one cracking picture,,https://i.redd.it/9vm5e8929e131.jpg,1559241858.0,88,0.93,15,CasualUK,millsytime
buwnia,WHAT were you doing in my loft you absolute unit?!,,https://i.redd.it/ob1pzflo5e131.jpg,1559240722.0,60,0.92,27,CasualUK,23richtea
buwiu0,"I, too, always carry a pitta in case I need an emergency clutch bag",,https://i.redd.it/r0hq9c0s3e131.jpg,1559240078.0,183,0.99,21,CasualUK,hauntedbundy_
buwcmy,"Broadstairs, Kent is lovely today.",,https://i.redd.it/2ff3fq881e131.jpg,1559239222.0,148,0.99,5,CasualUK,clairehannah
buvuh8,I‚Äôm gonna buy a lottery ticket! üçÄ üçÄ,[deleted],https://i.redd.it/5mu2p56ptd131.jpg,1559236721.0,83,0.97,3,CasualUK,[deleted]
buvf0i,When your colleagues turn your desk into a garden/jungle..,,https://i.redd.it/l5xgc35mnd131.jpg,1559234645.0,79,0.98,11,CasualUK,licklesparkle
buva2f,"Drive insured, everyone",,https://i.redd.it/6qxq8h2kld131.jpg,1559233970.0,59,0.91,12,CasualUK,[deleted]
buv95t,Hit the jackpot today. I live in a city filled with either greasy wetherspoons or souless gastro-pubs and I found this gem: an old boozer with a coal fire on a rainy day. Bliss.,,https://i.redd.it/uoxpfo28ld131.jpg,1559233845.0,1097,0.97,64,CasualUK,whisssaat
buu6cp,What breed of duck is this?,,https://i.redd.it/vcukx1yp4d131.jpg,1559228288.0,85,0.95,22,CasualUK,PM-me-teapots
buu0hm,"Whipped this up on my lunch break, it's just too catchy!",,https://i.imgur.com/qheWe5b.jpg,1559227436.0,14338,0.97,387,CasualUK,ConnorXfor
butzht,Combining village names isn't always the best way Margaret,[deleted],https://i.redd.it/l8my6xlo1d131.jpg,1559227280.0,67,0.96,8,CasualUK,[deleted]
butsol,British traffic issues: the entire motorway was cut off so that ducklings could move out of the road.,,https://i.redd.it/9cqxiadqyc131.jpg,1559226277.0,181,0.98,23,CasualUK,Carso107
butoy7,Trying to understand cricket is like trying to follow conversations while drunk. All the words are real but nothing makes sense.,[deleted],https://i.redd.it/s5iqcun2xc131.jpg,1559225721.0,247,0.98,24,CasualUK,[deleted]
butdgh,Saw this at Wetherspoons and it made me chuckle,,https://i.redd.it/o45tnwawrc131.jpg,1559224028.0,76,0.89,4,CasualUK,Jack6772
butasz,British wildlife at its finest,,https://i.redd.it/iuucn2quqc131.jpg,1559223629.0,93,0.94,17,CasualUK,hazzafazza
but2ix,Somehow I've ended up going to see Dick and Dom today...,,https://i.redd.it/8w7ynqi0nc131.jpg,1559222338.0,68,0.98,12,CasualUK,Marzipark
busnl0,This is why you were voted Britain's worst retailer.,,https://i.imgur.com/LMXuDbx.jpg,1559219947.0,686,0.99,54,CasualUK,Greeny087
burcup,British consideration at its best.,,https://i.redd.it/b3msd5byob131.jpg,1559210880.0,162,0.98,10,CasualUK,DiskRyder
burasn,Valley of Rocks (Exmoor) looking atmospheric t'other day,,https://i.redd.it/c93r8vw6nb131.jpg,1559210419.0,198,0.98,17,CasualUK,thenotoriouswjg
buqwi2,"One of my pet rats was looking super chilled this morning, envious that I had to go to work instead of also chilling out",[deleted],https://i.redd.it/hr6a2hgldb131.jpg,1559207093.0,1505,0.97,69,CasualUK,[deleted]
buqt7h,Top prizes worth ¬£¬£¬£¬£s. Other prizes worth FA.,[deleted],https://i.redd.it/ww7g6tf6bb131.jpg,1559206248.0,140,0.97,44,CasualUK,[deleted]
buqq1v,"‚ÄúExcuse me, lady at the back, that‚Äôs not what topless bus tour means‚Äù",,https://i.redd.it/iuu014sq8b131.jpg,1559205428.0,407,0.99,28,CasualUK,FlamingUndies
buphni,Milestones of West Cornwall,,https://i.redd.it/as99cvfyda131.png,1559195074.0,275,0.98,12,CasualUK,BellaKaterina84
bup18q,This is what the ‚ÄòBritish Food‚Äô section looks like in my Canadian grocery store. I bought the Flake.,,https://i.redd.it/sisgxr2q3a131.jpg,1559191634.0,1581,0.99,493,CasualUK,melleis
bulio0,On tonight‚Äôs episode of yellow label bargains...,,https://i.redd.it/2ki52nr2d8131.jpg,1559170566.0,67,0.96,19,CasualUK,nabildad7
bukxnn,How did I do üòÑ,,https://i.redd.it/v565fq4048131.jpg,1559167518.0,303,0.94,93,CasualUK,luissiul-
bukfpj,Gotta find me a DD/MM/YYYY girl,,https://i.redd.it/71il1qvow7131.jpg,1559165094.0,900,0.97,61,CasualUK,LAN-down-under
bukcwo,Every Louis Theroux Documentary ever,,https://www.youtube.com/watch?v=BgmMqG7-ixU,1559164720.0,72,0.97,15,CasualUK,this-here
buj0if,"If you go up the Blackpool Tower Eye, you have an amazing view of all the spice addicts below !",,https://i.redd.it/6q3btr26c7131.jpg,1559158151.0,548,0.98,41,CasualUK,allthekos
buiyw4,The impossible has been achieved,,https://i.redd.it/i9n55q49h6131.jpg,1559157915.0,97,0.96,26,CasualUK,Stanly217
bui784,They knew what they were doing.,,https://i.redd.it/fxjiedlrz6131.jpg,1559154011.0,110,0.99,21,CasualUK,EnterNicname
buhebk,Stay classy Londoners,,https://i.redd.it/pqkuocj9o6131.jpg,1559150117.0,57,0.94,24,CasualUK,pdabraham
bugm7t,152 mugs,,https://i.redd.it/o5q4zmj6d6131.png,1559146431.0,1231,0.96,34,CasualUK,le_kommie
bug7hf,UK Vandalism at its absolute finest - Stevenage,,https://i.redd.it/9prf9h0c76131.jpg,1559144421.0,69,0.96,6,CasualUK,AP_OH
bufzns,Why do I get the feeling these lads are about to drop the biggest summer comedy blockbuster of 2019,,https://i.redd.it/qqnqu2o446131.jpg,1559143341.0,23526,0.95,361,CasualUK,SupraPseudo
buftud,Inbetweeners in Romford,,https://i.redd.it/0ywr514q16131.jpg,1559142536.0,113,0.98,14,CasualUK,tommychong83
bufij1,This sub is reminding me so much of my happiest times,"So I'm an American, but I lived in Britain when I was younger for about a year and a half, it was such a short time, but it was one of my happiest times. I loved the culture and people. Everything was just better. That isn't a political statement, I just thought that Britain and Europe were really awesome. I made some of my closest friends there and actually  keep in touch with a few of them even 9 years later now. I hope I can come back some day, but until then, I suppose this sub will have to suffice.",https://www.reddit.com/r/CasualUK/comments/bufij1/this_sub_is_reminding_me_so_much_of_my_happiest/,1559140959.0,53,0.96,8,CasualUK,Scathra
buf7p5,Smart parking,,https://i.redd.it/5gkgiqaes5131.jpg,1559139401.0,69,0.92,17,CasualUK,VacuumPanic
bueo1j,*pub erupts in jeers*,,https://v.redd.it/3pu03xklm4131,1559136407.0,424,0.98,43,CasualUK,holeymoley62
bueij0,Classic northern mentality when football is concerned.,,https://i.redd.it/5hxc3adzg5131.jpg,1559135558.0,79,0.91,86,CasualUK,therealijc
bue7mz,Am I being old or are these absolutely fucking ridiculous?? And wanting to charge ¬£25 for them!,,https://i.redd.it/z5iyyhpyb5131.jpg,1559133870.0,244,0.96,151,CasualUK,MrsOld-Blighty
budsrs,Some animal in our office can't open treats with any respect,,https://i.redd.it/b5dqx1yg45131.jpg,1559131350.0,85,0.98,18,CasualUK,Mikeyer
bud8ls,"Yank here, just wanted to say that I just discovered James Acaster on Netflix.",Where have you guys been hiding him? The dude is a straight up genius and my new favorite comedian after watching his four specials.,https://www.reddit.com/r/CasualUK/comments/bud8ls/yank_here_just_wanted_to_say_that_i_just/,1559127838.0,100,0.9,59,CasualUK,ayoungjacknicholson
bucqcx,I think these hairdressers in Leicester need to rethink their branding...,[deleted],https://i.redd.it/3x08f1zzi4131.png,1559124180.0,228,0.98,36,CasualUK,[deleted]
bucl12,"WH Smith 'worst' retailer in UK, says Which? survey",,https://bbc.in/2EFhpJk,1559122997.0,70,0.95,37,CasualUK,CriesWhenEjaculates
bucgon,Hello Diabetes!! (25p per bag in the local Asda),,https://i.redd.it/echub86ic4131.jpg,1559121978.0,65,0.92,8,CasualUK,Tramorak
buc84m,What your favourite biscuit says about your personality,,https://i.redd.it/vxq949zl64131.jpg,1559119962.0,796,0.96,190,CasualUK,aygomyownroad
buc0h7,Ashens' has outdone himself with 50 year old Ox Tongue,[deleted],https://www.youtube.com/watch?v=PSuUnuohFwY,1559118034.0,97,0.98,11,CasualUK,[deleted]
bubulk,"Just because you can, doesn't mean you should",,https://i.imgur.com/twOFe7l.jpg,1559116601.0,101,0.96,33,CasualUK,ahrimaniac
bub7az,It looks like Ant and Dec have finally merged into a single entity.,,https://i.redd.it/4w1af5xmg3131.jpg,1559111250.0,10927,0.95,138,CasualUK,hfolcot
bub265,This weird image just popped up on BBC Points West News. Anyone else see it?,,https://imgur.com/VBdnQ8I,1559110150.0,68,0.96,15,CasualUK,Orsetto_Art
buapt5,Prince William is happy about something,,https://i.redd.it/xl1ht6fp53131.jpg,1559107552.0,230,0.99,15,CasualUK,Jthefrog
bu62yx,Walked into Sainsbury‚Äôs thinking ‚Äúyes this is the week I revert to healthy eating.‚Äù Then feckin Mary Berry shows up and the diet has been duly instructed to feck off.,[deleted],https://i.redd.it/pzoob6gjw0131.jpg,1559080260.0,97,0.94,18,CasualUK,[deleted]
bu57e0,Medieval carpenters in England were a cheeky bunch...,,https://i.redd.it/hs3pit6xi0131.png,1559075886.0,6161,0.98,95,CasualUK,AdaptedMix
bu54j9,"A black squirrel, if you've never seen one before. Sorry about the photo quality, I'm no David Bailey.",,https://i.redd.it/wxhy3ryfi0131.jpg,1559075516.0,214,0.99,44,CasualUK,Mulanarama
bu533d,Rory with the pub goals.,,https://i.redd.it/1ncxebzvh0131.jpg,1559075329.0,842,0.99,50,CasualUK,Iirima
bu4eas,My childhood cat just died...,"She was fine when all got back from work, she was even eating as normal. She got up onto the sofa and then just fell over like she was confused. She never got up and just passed away at the age of 18. 

I know it's kind of sad to just post this on Reddit but I don't have anyone to talk to about this and it's not something I know how to deal with well. You know the house will never be the same without her.

EDIT: Thanks for all the messages guys. I would go through and reply to all if I could but it's just great to know people care enough to share kind messages. It's just a shame you don't get compassionate leave for pets.",https://www.reddit.com/r/CasualUK/comments/bu4eas/my_childhood_cat_just_died/,1559072016.0,972,0.96,98,CasualUK,pajamakitten
bu4c47,I like Cornwall actually.,,https://i.redd.it/0oft8et570131.jpg,1559071723.0,892,0.99,10,CasualUK,ollydudman
bu4bd3,Another busy news day in the South West,,https://i.imgur.com/akMMcXv.jpg,1559071617.0,2514,0.99,58,CasualUK,[deleted]
bu3nt0,Is it possible to open these normally with out breaking the laws of physics?,,https://i.redd.it/z490tdvdxz031.jpg,1559068480.0,78,0.97,7,CasualUK,[deleted]
bu3l0y,Just feeding honey and water to a tired bee,,https://v.redd.it/wsqq9933wz031,1559068107.0,726,0.98,60,CasualUK,MrMonkeyMagic
bu2pbn,"A colleague is leaving, last day on Friday. Everybody knows. She knows everybody knows. But her leaving card, even the fact of its existence, is a closely guarded secret...",Why do we do this? What terrible repercussions will there be if somebody sees their card before the right time?,https://www.reddit.com/r/CasualUK/comments/bu2pbn/a_colleague_is_leaving_last_day_on_friday/,1559063831.0,65,0.96,6,CasualUK,st0rmforce
bu2fmf,Found a box of nostalgia in the garage.,,https://i.redd.it/7yykkn9xfz031.jpg,1559062561.0,75,0.97,7,CasualUK,DemonicSquid
bu275s,"It made me laugh, from Private Eye 1496 (p. 25)",[deleted],https://www.reddit.com/r/CasualUK/comments/bu275s/it_made_me_laugh_from_private_eye_1496_p_25/,1559061433.0,58,0.97,2,CasualUK,[deleted]
bu1hbv,Our Schnauzer lost his dog tag and my son offered to get him a new one.,"&amp;#x200B;

https://preview.redd.it/uyse4fjz2z031.jpg?width=1788&amp;format=pjpg&amp;auto=webp&amp;s=4371e58533ca4bd74ed91436caa854f4e324c9fb",https://www.reddit.com/r/CasualUK/comments/bu1hbv/our_schnauzer_lost_his_dog_tag_and_my_son_offered/,1559057842.0,151,0.95,4,CasualUK,[deleted]
bu1dcm,Aston Villa Fanzone picture 2,,https://i.redd.it/nfut6wb70z031.jpg,1559057276.0,83,0.9,40,CasualUK,BlackForestBedRock
bu0x86,The type of criminals you see in Bath...,,https://i.redd.it/z84v5w65sy031.jpg,1559054990.0,290,0.99,55,CasualUK,EclipseSauce
bu0wvc,Please tell me I‚Äôm not the only one that still has like 10 of these little pg tips bastards?,,https://i.redd.it/flkms9p7ty031.jpg,1559054936.0,62,0.95,13,CasualUK,NedPrice
bu0v4s,Scotland at its finest.,,https://i.redd.it/6x51hmrgsy031.jpg,1559054674.0,166,1.0,8,CasualUK,bitch-boy68
bu0gpq,the A5 in Northamptonshire,,https://i.imgur.com/o5RmEgX.gifv,1559052537.0,269,1.0,23,CasualUK,ollyhinge11
bu0c1u,"My poor Nan just put the green bin out on the wrong date, now the whole street has copied her",She's going around apologising for her mistake to everyone. Bless her.,https://www.reddit.com/r/CasualUK/comments/bu0c1u/my_poor_nan_just_put_the_green_bin_out_on_the/,1559051829.0,1231,1.0,67,CasualUK,BELawN-
bu09q4,And the award for best town name in Dorset goes to:,,https://i.redd.it/zd45lh1xiy031.jpg,1559051464.0,214,0.98,20,CasualUK,THELASTONE878
bu032e,The pier in Brighton that turned into a spooky scary skeleton,,https://i.redd.it/bzwart0sfy031.jpg,1559050414.0,87,0.95,4,CasualUK,ST-Parks
bu02zk,Double rainbow at Norwich Cathedral (taken by a school member of staff).,,https://imgur.com/il7R0u6,1559050401.0,78,0.97,10,CasualUK,blingboyduck
btzvhj,Wonky Waitrose,,https://i.redd.it/smicsz7vby031.jpg,1559049201.0,53,0.92,6,CasualUK,1RUSSIA1
btz8zi,Time capsule in my dads local. Sealed in ‚Äò1995 to be opened in 2045. How many things do you recognize? I‚Äôm 29 and I know a few,,https://i.redd.it/z481aimi0y031.jpg,1559045273.0,76,0.95,30,CasualUK,dontfearlionhere
btz66u,Got a 25p in my change today,,https://i.redd.it/fm5xmd71zx031.png,1559044782.0,345,0.99,50,CasualUK,IS_THIS_A_COMMENT
btyv1z,In his defence the route trams take can be hard to predict,,https://i.redd.it/j9x6wekqsx031.png,1559042702.0,200,1.0,39,CasualUK,CupofStea
btyeqx,Someone please explain to me what the difference is here,[deleted],https://i.redd.it/9ykgkie2jx031.jpg,1559039408.0,56,0.95,32,CasualUK,[deleted]
bty9ki,Best shop names?,,https://i.redd.it/u1xbdtwsfx031.jpg,1559038305.0,519,0.98,109,CasualUK,allthekos
bty2le,"I found this terrifying ice cream man yesterday in Eyemouth, Scotland",,https://i.imgur.com/MJRsu3S.jpg,1559036831.0,354,1.0,42,CasualUK,Astigma
btxvn2,Daily share of Britain's power generated by burning coal (2012 - today),,https://i.redd.it/n8gjq7cy6x031.jpg,1559035330.0,389,0.98,32,CasualUK,robotsandtoast
btxrlt,My sister found this helpful note on her car,[deleted],https://i.redd.it/iswkvcr34x031.jpg,1559034428.0,167,0.99,45,CasualUK,[deleted]
btxqj8,I love that my home town has a duckling protocol! üòÉ,,https://i.redd.it/rhpe4mqj3x031.jpg,1559034185.0,51,0.88,2,CasualUK,queenbee-30s
btx2af,Manchester‚Äôs getting ready for the Spice Girls,,https://i.redd.it/aitw9wzimw031.jpg,1559028460.0,590,0.98,29,CasualUK,limegreenbunny
btx17v,Anyone got melkshams number?,,https://i.redd.it/jq9w4rrslw031.jpg,1559028215.0,15933,0.95,283,CasualUK,allthekos
btwtkg,Saw this very British Post on Twitter,,https://i.redd.it/0hk8bdrlgw031.jpg,1559026481.0,616,0.97,88,CasualUK,helperbrozzerout
btwrcu,Gavin and Stacey is returning for a Christmas Special this year !!,,https://www.instagram.com/p/Bx_v0honEld/?igshid=11dkbw07bon1i,1559025975.0,143,0.82,104,CasualUK,DeadStopped
btvtts,So I went to a village may day celebration at the weekend and this was children's bouncy castle. Am I being immature or does anybody else see it?,,https://i.redd.it/edm7y5s3uv031.jpg,1559018909.0,64,0.96,19,CasualUK,hes95
bts197,Found a fallen hero on my walk today,,https://i.redd.it/iuxewdj6ut031.jpg,1558994722.0,55,0.96,5,CasualUK,BronzeOne
bts0z5,A typical day in the life of Elton John,,https://i.imgur.com/vjmqo0t.jpg,1558994684.0,348,0.99,18,CasualUK,yellow52
btqylt,All weather BBQ station my dad built this weekend. Thought it deserved some love.,,https://i.redd.it/8t4risubdt031.jpg,1558989045.0,8531,0.96,205,CasualUK,AmbassadorLove
btqdoa,I don't think they are that bad!,,https://i.redd.it/9b89qonj4t031.jpg,1558986091.0,278,1.0,14,CasualUK,allthekos
btqav9,I see your Wigan sign and raise you this Manchester sign,[deleted],https://i.redd.it/7wp5pzpe3t031.jpg,1558985709.0,282,0.97,13,CasualUK,[deleted]
btq66y,Gave me quite the fright when I turned the corner,,https://i.imgur.com/vtjApd7.jpg,1558985081.0,217,0.99,14,CasualUK,ahrimaniac
btq1ms,Temple Bruer Knights‚Äô Templar Preceptory: one of the few remaining Knights‚Äô Templar buildings in the UK.,,https://i.redd.it/6ttohnbpzs031.jpg,1558984469.0,226,0.99,29,CasualUK,signalstonoise88
btptxg,Considering taking out life insurance before opening this VERY full can of irn bru,[deleted],https://i.redd.it/2epsaubpws031.jpg,1558983469.0,224,0.99,28,CasualUK,[deleted]
btpgf6,The social media team at Villa are having a great time tonight,,https://i.imgur.com/2mqHeGe.jpg,1558981662.0,77,0.87,4,CasualUK,CharleyChester
btpc0r,"Lovely Scarborough, got too much sand in my socks tho",,https://i.redd.it/ifzl9ysjps031.jpg,1558981060.0,96,0.96,8,CasualUK,jayhoy-hoy
btp63i,Four Chinooks flying over Ashford,,https://i.imgur.com/ItOawQe.jpg,1558980264.0,65,0.96,18,CasualUK,mp3boy
btobz3,Shout out to the bloke making the most of his bank holiday weekend BBQ despite the tide coming in,,https://i.imgur.com/242Mx3z.jpg,1558976122.0,1083,0.99,28,CasualUK,redatheist
btmu1s,A modern equivalent of the Viz Money Saving Tips,,https://i.redd.it/xckw87dcop031.jpg,1558968525.0,193,0.99,17,CasualUK,odiedodie
btmoag,"Ah bank holiday Monday, perfect time to catch up on the house chores",,https://imgur.com/8iFuhH6,1558967687.0,290,0.97,38,CasualUK,Cunning-lynguist
btmiyx,Ever wondered what's between a Lego man's legs?,,https://i.redd.it/9m85fooijr031.jpg,1558966915.0,120,0.97,2,CasualUK,Diffleroo
btmdra,"My old workplace, RAF Wyton in the 90s.",,https://i.redd.it/1axo4b96hr031.jpg,1558966127.0,58,0.91,12,CasualUK,Dhorlin
btlq08,"Found a 50 blood donations Cross pen clipped to a paper on a bench in London. If it's yours let me know and I'll post it to you. Just give me extra details like bench location, name of newspaper.",,https://i.imgur.com/ijP6oVB.jpg,1558961848.0,285,0.98,35,CasualUK,Painless8
btl7rf,Just returned to the UK after 10 years. I forget how important Lucozade is to us. She knows...,,https://i.redd.it/rscb7ipnuq031.jpg,1558958553.0,103,0.86,29,CasualUK,HarmonicalMonical
btl6hq,Lancashire garden centre urinals.,[deleted],https://i.redd.it/s0mfvo61uq031.jpg,1558958342.0,459,0.99,28,CasualUK,[deleted]
btkzux,I swear you aren't British if you don't see this at least once a week,,https://v.redd.it/q9cqc26bqq031,1558957132.0,106,0.85,44,CasualUK,Tapp_Waldo
btklg7,Lashes and more!,,https://imgur.com/SSbvT8T,1558954314.0,111,0.97,10,CasualUK,bizter
btji3w,"When sainsburys said they were selling sex toys, this isn't what i had in mind.",,https://i.redd.it/m9qu58smrp031.jpg,1558945436.0,125,0.94,11,CasualUK,Doublebow
btjhcs,Cleaned the inside filter on the tumble drier - if I do this on a regular basis my pension might be sorted,,https://i.redd.it/knh19e04rp031.jpg,1558945257.0,1469,0.99,76,CasualUK,Feltipfairy
btjegz,Sausage anyone?,,https://i.redd.it/vqbcodc6pp031.jpg,1558944605.0,19254,0.94,468,CasualUK,Rabidbadger69
btif8o,Use the Pringle lid to fit some pints glasses if you want to take it away,[deleted],https://i.reddituploads.com/5e51e64e90e74855927ef89453c5fe8f?fit=max&amp;h=1536&amp;w=1536&amp;s=147bd431161b3f0a720ab6e5b4bcb6b2,1558936994.0,304,0.96,53,CasualUK,[deleted]
bthgsh,"Took a picture of the mist on the river Medway just by farleigh bridge, at 5:00 this morning",,https://i.imgur.com/Ey7YXCC.jpg,1558930221.0,65,0.94,7,CasualUK,Smallwillyy
btfcht,Have to appreciate my locals urinal banter.,,https://i.redd.it/l177jr3zdn031.jpg,1558916623.0,50,0.94,3,CasualUK,thelegendaryssj
bteaz9,British public toilets being put to good use,,https://i.imgur.com/i5SOpFW.jpg,1558910527.0,80,0.97,6,CasualUK,VariousWinter
bte5ms,TFW you're 6 years old and Wolf calls you out. üê∫,,https://v.redd.it/dke9kfbvsm031,1558909600.0,74,0.97,12,CasualUK,Heisen-Bro
btd35i,Might be worth the risk ?,,https://i.redd.it/fdmc8jcdcm031.jpg,1558903975.0,99,0.94,6,CasualUK,tbc1998tbc
btcu57,How to eat a cherry bakewell.,[deleted],https://imgur.com/oCwNRVJ,1558902731.0,483,0.8,99,CasualUK,[deleted]
btciev,"Fun fact: Big Ben is not the name of the tower, it‚Äôs actually the name of the scaffolding which surrounds it.",,https://i.redd.it/0kzlt5o04m031.jpg,1558901170.0,1785,0.98,85,CasualUK,Ryannnnnn
btchgs,Beautiful weather for a 40k hike (Yorkshire),,https://i.imgur.com/J40lLrR.jpg,1558901044.0,123,0.99,20,CasualUK,[deleted]
btc5em,Well that's cheered me up no end üôÉ‚ô•Ô∏è,,https://i.redd.it/isq389msyl031.jpg,1558899412.0,73,0.96,3,CasualUK,alexgreyhead
btbfg2,"I love UK bank holidays, I just bumped into this bunch of grannies",,https://i.redd.it/a2yxwju9ol031.jpg,1558895877.0,70,0.94,22,CasualUK,thehelmeted1
btba7p,BBQ weather lads.,,https://imgur.com/DZNadUf.jpg,1558895175.0,63,0.92,7,CasualUK,lotttiiee
btb6td,Been lurking for a while. Finally took the plunge. Rate my Full English!,,https://i.redd.it/7x4j55uskl031.jpg,1558894705.0,70,0.89,55,CasualUK,spider-wham
btav51,Good thing we spotted it before getting in the car...,,https://i.redd.it/6hbuv8wzfl031.jpg,1558893089.0,53,0.95,5,CasualUK,Swisskommando
btaoko,Funeral for a cat? Never change UK,,https://v.redd.it/ft7weij0dl031,1558892136.0,252,0.97,22,CasualUK,[deleted]
btam9p,Some new art in my local,,https://i.redd.it/xw64kw05cl031.jpg,1558891814.0,3787,0.94,174,CasualUK,thepickster
btakqt,It's good to see my friend is taking energy savings seriously,[deleted],https://i.imgur.com/enyVPG8.jpg,1558891590.0,87,0.96,12,CasualUK,[deleted]
bta5km,He was just trying to enjoy the weather too,[deleted],https://v.redd.it/kb3ja5005l031,1558889428.0,74,0.94,3,CasualUK,[deleted]
bt9w2a,"This road promises chocolate, but it's all a lie.",,https://i.imgur.com/Elv0ynC.jpg,1558888054.0,346,1.0,11,CasualUK,jmsrps
bt9qsc,"All Aboard! Not sure where you're going for your next jollies? No worries. As of 2020 all you lovely people will be able to board the first ever Wigan to Pyongyang express train, taking you from paradise to heaven.",,https://i.redd.it/2gig0jygyk031.jpg,1558887327.0,74,0.98,8,CasualUK,ElephunkMescudi
bt9mwq,"Found this enormous, beautiful monster in my garden.",,https://i.redd.it/x3nb2tt9xk031.jpg,1558886794.0,116,0.98,21,CasualUK,mr_completely
bt9j5s,We also once dressed up as Patsy and Eddie from Ab Fab,,https://i.redd.it/lfcb37mhvk031.jpg,1558886283.0,72,0.9,6,CasualUK,funkyjim
bt9dzt,Got a notification from Amazon saying my delivery was in a safe place. Can't find it anywhere.,,https://i.redd.it/0o5p0qritk031.jpg,1558885559.0,1199,0.98,41,CasualUK,VolcanicTequila
bt90yp,It's the annual 1940s weekend event up in Rawtenstall and it looks like we're being occupied...,,https://i.redd.it/a0h04qnvnk031.jpg,1558883639.0,260,0.99,72,CasualUK,aSensibleUsername
bt7fmd,The ‚Äúwishing tree‚Äù messages at our wedding went exactly as expected.,,https://i.redd.it/f53we8lvvj031.jpg,1558874219.0,228,0.98,24,CasualUK,PissYourTits
bt73yq,Casual UK toilet graffiti,,https://i.redd.it/motk64k6pj031.jpg,1558871963.0,168,0.97,17,CasualUK,hw1239
bt7155,Friendly reminder - switch off your work alarms for tomorrow,Is there anything worse than waking up early on a day off?,https://www.reddit.com/r/CasualUK/comments/bt7155/friendly_reminder_switch_off_your_work_alarms_for/,1558871387.0,74,0.92,21,CasualUK,Bot-01A
bt6jmy,Damage this bridge for a free holiday to Australia,,https://i.redd.it/7vpy96uybj031.jpg,1558867535.0,342,0.99,39,CasualUK,cowie71
bt65sj,Flooding reaches danger level in Sussex,,https://i.redd.it/hy43so8c2j031.jpg,1558864281.0,842,0.99,24,CasualUK,NewForOlly
bt5vyc,Saw this getting painted a week ago in my home town.,,https://i.redd.it/y7qk8z0avi031.jpg,1558861914.0,62,0.94,34,CasualUK,overlordbubbles
bt5ie5,"...and 50g of peppermint humbugs, please...",,https://i.imgur.com/vyOSfHm.jpg,1558858716.0,827,0.98,54,CasualUK,DemonEggy
bt5f1n,"Avoided the bank holiday rush down in the valley of cheedale, now for a beer.",,https://i.redd.it/0a7w8ps8ji031.jpg,1558857869.0,81,0.97,4,CasualUK,LTDESP
bt56w8,"Don't train your autocorrect from replacing a particular word with ""duck""",Unless you want to accidentally arrange to meet your mother next to the fuck pond in the village.,https://www.reddit.com/r/CasualUK/comments/bt56w8/dont_train_your_autocorrect_from_replacing_a/,1558855811.0,64,0.9,6,CasualUK,vbloke
bt563s,"This is Primrose, my new battery hen!",,https://i.redd.it/1t100e9jci031.jpg,1558855606.0,160,0.97,54,CasualUK,LoveAGlassOfWine
bt55xc,Tyre levers are for the bourgeoisie,,https://i.redd.it/ytdjjmndci031.jpg,1558855562.0,211,0.97,51,CasualUK,BellaKaterina84
bt4qq3,Spotted in Cornwall üôÄ,,https://i.redd.it/2yqeotb61i031.jpg,1558851783.0,12633,0.96,255,CasualUK,JARG5678
bt46xg,Yodel delivers my new ceramic barbecue and storage bench right on schedule,,https://youtu.be/Si9tDgXI7Y8,1558847256.0,69,0.96,36,CasualUK,SiDtheTurtle
bt0rfp,I was wandering around a bit of Thailand on Geoguessr and found a familiar sight.,,https://i.imgur.com/So9Wryf.png,1558824835.0,56,0.92,8,CasualUK,webchimp32
bszm2k,Everything about this is sinister.,,https://i.imgur.com/qYWRnsB.png,1558818354.0,573,0.99,60,CasualUK,bulletproofbra
bszbl8,"A new footbridge has just opened near my house, on White Hart Lane, to get across the tracks when the level crossing is down. I think the person who named it was suffering from sleep deprivation.",,https://i.redd.it/t5mvqiiy4f031.jpg,1558816780.0,96,0.98,10,CasualUK,HYThrowaway1980
bsz74b,Family game of pooh sticks over a bridge in Cumbria.,,https://i.redd.it/ra2m9ri33f031.jpg,1558816133.0,60,0.94,2,CasualUK,JEZTURNER
bsywrb,Had a great day at Cambridge Beer Festival. Anyone else been there this week?,,https://i.redd.it/x41dmhosye031.jpg,1558814664.0,68,0.96,26,CasualUK,EarlOfBronze
bsyqp6,Not mine but could not find credit,,https://i.redd.it/v74hr4zdwe031.jpg,1558813852.0,206,0.97,31,CasualUK,YeetYote420_
bsynk9,My friends dressed up as Patsy and Eddie from Ab Fab,,https://i.redd.it/sn9hmhr4ve031.jpg,1558813430.0,919,0.96,24,CasualUK,accnt_suspended
bsxrdx,Gotcha.,[deleted],https://i.redd.it/iux8ivthhe031.jpg,1558808849.0,131,0.86,7,CasualUK,[deleted]
bsxevt,Promises promises. I'm still waiting after 7 years,,https://i.redd.it/67t6jej0ce031.jpg,1558807005.0,75,0.91,58,CasualUK,[deleted]
bswsur,Llandudno,[deleted],https://i.redd.it/ot985w292e031.jpg,1558803716.0,65,0.93,3,CasualUK,[deleted]
bswoxs,"If you‚Äôre around Tyne &amp; Wear this Bank Holiday weekend, check out Game On at The Centre for Life, 150 playable retro and modern games. Fantastic day out",,https://i.redd.it/vntozi7j0e031.jpg,1558803141.0,61,0.95,11,CasualUK,Enthusiastic_Kitten
bswh8z,"My twin bro just sent me this, were both going to the playoff final on Monday , my rents both haven't a clue about technology haha",,https://i.redd.it/ecu18f38xd031.jpg,1558802028.0,230,0.95,23,CasualUK,harperdcfc
bsw6lz,I can still smell and taste these now. Where can I find them?,,https://i.redd.it/n6m3o56ssd031.jpg,1558800532.0,194,0.98,41,CasualUK,[deleted]
bsvjlm,Cock out in Twickenham.,,https://i.redd.it/qp4gd4ufid031.jpg,1558797060.0,255,0.94,8,CasualUK,HPB
bsundh,Bill Bailey does Metallica,,https://v.redd.it/c98z1b112d031,1558791856.0,410,0.97,32,CasualUK,Arsewipes
bsucpp,Things are getting steamy at my local charity shop,,https://i.redd.it/bvga20xfxc031.jpg,1558789993.0,209,0.98,11,CasualUK,[deleted]
bstmjs,National security at its finest,,https://i.redd.it/2jwl04o9ic031.jpg,1558784893.0,435,0.97,47,CasualUK,curtisc-j
bstjvj,Reasonable number of washes (laundry) per week in the UK?,[deleted],https://www.reddit.com/r/CasualUK/comments/bstjvj/reasonable_number_of_washes_laundry_per_week_in/,1558784297.0,52,0.96,52,CasualUK,[deleted]
bstdwc,Found this in my parents spare room. Any guesses what my dad is storing in this box?,,https://i.redd.it/d0dtfdgicc031.jpg,1558782958.0,69,0.93,53,CasualUK,bonster85
bsstwx,Apparently this is a thing.,,https://i.redd.it/j52m09xuxb031.png,1558778030.0,98,0.97,25,CasualUK,iwannaholdyour-ham
bssmnl,Cooked the boyfriend a bit of breakfast. Think I need a new pan to cook eggs in as they didn‚Äôt turn out great.,[deleted],https://i.redd.it/mwcnagl9sb031.jpg,1558776147.0,153,0.88,84,CasualUK,[deleted]
bssklr,Window cleaner lad turned up just as I was making bacon butty for breakfast. Offered him one and a cuppa.,We are mates now.,https://www.reddit.com/r/CasualUK/comments/bssklr/window_cleaner_lad_turned_up_just_as_i_was_making/,1558775625.0,206,0.96,35,CasualUK,Fosse22
bssj4j,PSA: Sainsbury‚Äôs is giving away tea and biccies today,[deleted],https://i.redd.it/bbh2s0qlpb031.jpg,1558775251.0,422,0.96,80,CasualUK,[deleted]
bssg3e,Parkrun appreciation thread,"Seems like a fair few go along judging by the Saturday threads so thought it'd be good to have somewhere to swap comments and celebrate how great the whole parkrun setup is.

How was it today? First time? Smash out a new PB or just miss out? Were you volunteering this week (and if so thank you)? 

Well done for getting out there, however it went.",https://www.reddit.com/r/CasualUK/comments/bssg3e/parkrun_appreciation_thread/,1558774481.0,81,0.95,39,CasualUK,irrelevantPseudonym
bss0r8,Why can‚Äôt we just stick to drowning trollies? Now we‚Äôre hanging them as well...,,https://i.redd.it/553uanigbb031.jpg,1558770498.0,286,0.98,24,CasualUK,Crusher2157
bsrx40,Sensible policies for a happier Britain,,https://i.redd.it/iw0joivf8b031.jpg,1558769600.0,133,0.82,73,CasualUK,Katsu-Pork
bsrl9s,"Shoutout to the council tax lady who, after dealing with me for 15 minutes getting my head around options for paying (because I‚Äôm an idiot who lost the right to pay in instalments), called me back within 5 minutes to reinstate instalments because i was ‚Äòvery polite and such a gentleman‚Äô.","I suspect she gets a lot of grief from the usual assortment of knobheads who shout, scream, hurl abuse, and ultimately get their own way. Being polite and courteous when speaking to someone who is just doing their job, when the problem was due to your own stupid fault in the first place (I was late paying more than once), costs nothing, and can work wonders. Thank you kind lady, whoever you are.",https://www.reddit.com/r/CasualUK/comments/bsrl9s/shoutout_to_the_council_tax_lady_who_after/,1558766771.0,8926,0.96,247,CasualUK,Shireman2017
bsqrxi,Happy Towel Day!,"A towel, it says, is about the most massively useful thing an interstellar hitchhiker can have. Partly it has great practical value. You can wrap it around you for warmth as you bound across the cold moons of Jaglan Beta; you can lie on it on the brilliant marble-sanded beaches of Santraginus V, inhaling the heady sea vapours; you can sleep under it beneath the stars which shine so redly on the desert world of Kakrafoon; use it to sail a miniraft down the slow heavy River Moth; wet it for use in hand-to-hand-combat; wrap it round your head to ward off noxious fumes or avoid the gaze of the Ravenous Bugblatter Beast of Traal (such a mind-bogglingly stupid animal, it assumes that if you can't see it, it can't see you ‚Äî daft as a brush, but very very ravenous); you can wave your towel in emergencies as a distress signal, and of course dry yourself off with it if it still seems to be clean enough.

Do you know where your towel is?",https://www.reddit.com/r/CasualUK/comments/bsqrxi/happy_towel_day/,1558760029.0,72,0.92,9,CasualUK,TwoForTheMorgue
bsn20a,My reliable Australian comrade Mat signed for my letter. Thanks Mat!,,https://i.redd.it/7y0ockrlg8031.jpg,1558735903.0,59,0.93,2,CasualUK,Firestronaut
bsmzl4,"Just a appreciation post for these guys, what a amazing job they did today!",,https://i.redd.it/33swcoqkf8031.jpg,1558735557.0,63,0.95,5,CasualUK,calboyisking123
bsmo9b,"Best street name in England (Teignmouth, Devon)",,https://i.redd.it/8s9kxzhqa8031.jpg,1558733929.0,74,0.98,15,CasualUK,Dazed_And_MoreBooze
bsmmdx,Anyone else reminded of a walrus when they see this guy?,,https://i.redd.it/01wd7wbx98031.jpg,1558733667.0,92,0.96,13,CasualUK,red23dotme
bsmecq,"Are we doing crap parks? Here's my contender and apparently the UK's smallest, from sunny Staffordshire.",,https://imgur.com/lNrkLSv,1558732549.0,122,0.97,17,CasualUK,ButterForTheKing
bsmc58,"If you have a look at the Fiat garage in Legoland on google maps, a familiar driver appears!",[deleted],https://i.redd.it/nrei1v1q58031.jpg,1558732243.0,85,0.97,8,CasualUK,[deleted]
bsl9lm,Desperate for cash and the only atm in the area is under some stairs in a corner shop it's using dial up took 3 minutes to take 30 quid out,,https://i.redd.it/71xka9oqp7031.jpg,1558726869.0,96,0.97,27,CasualUK,AntiSocialMackerel
bskyuv,Crime sometimes pays,,https://i.redd.it/3gss1j16l7031.jpg,1558725330.0,232,0.95,8,CasualUK,thegimpparadox
bsku54,A joke I made up today regarding Jamie Oliver‚Äôs demise,,https://i.redd.it/q3hxbul6j7031.jpg,1558724663.0,95,0.92,11,CasualUK,[deleted]
bsjo4h,Oh noooo,[deleted],https://i.redd.it/v7pmniel17031.jpg,1558718750.0,137,0.94,29,CasualUK,[deleted]
bsji38,The nation‚Äôs least exiting park? Literally just a circle of rubber matting.,,https://i.redd.it/6qz5gak0z6031.jpg,1558717892.0,408,0.97,55,CasualUK,carabea293
bsiz6k,The Tesco Piss Bucket is back again. What do other supermarkets use?,,https://i.redd.it/x5qz1ar6r6031.jpg,1558715249.0,71,0.95,14,CasualUK,stateit
bsin5b,I can't read his name without hearing his Bo Selecta counterpart singing it in my head,[deleted],https://i.redd.it/5xi2nd38m6031.jpg,1558713580.0,86,0.97,25,CasualUK,[deleted]
bsiiu3,"US got Captain America, we got IRN Man.",,https://i.redd.it/pmq46ewak6031.jpg,1558712963.0,10638,0.96,163,CasualUK,Murderhands
bsiidu,I have no idea,,https://i.redd.it/fvgmzq27k6031.jpg,1558712897.0,273,0.97,46,CasualUK,millsytime
bsi37n,TIFU on the London tube by accidentally seeming like a rich asshole (and lost sunglasses as penalty),"I was wearing my one nice suit, running to catch a northern line south-bound train at Camden. Head was elsewhere as I was potentially late and prepping for a meeting in my new job. A guy says, ""excuse me."" I think maybe he bumped me and I didn't notice. So I say, ""don't worry about it"" and get on the train with the doors closing behind me. As the train pulls away, I realise my ray ban sunglasses had fallen out of my pocket and he was probably holding them out, trying to say, ""hey, you dropped this."" 

And I was like, ""nah, don't worry about it."" Or did it sound like, ""*Sunglasses*? Do have any idea how much I make an hour? Do you think this is worth my time? Just keep them."" Great.  

Those sunglasses that I got when I was in a job that paid more and can no longer afford to replace. Even better. 

Doubled back, went upstairs and spoke to staff... nothing. Really hoping he turned them in at another station, but honestly, how I came off... I can understand him just saying fuck that guy. But that guy is me! Excellent. 

Fingers crossed he is too beautiful for this world and still leaves them with lost and found.",https://www.reddit.com/r/CasualUK/comments/bsi37n/tifu_on_the_london_tube_by_accidentally_seeming/,1558710712.0,84,0.94,24,CasualUK,beanerswieners
bshrlt,Skived off work to take these three to the reservoir. No regrets.,,https://i.redd.it/ponnug9r86031.jpg,1558709053.0,1677,0.98,60,CasualUK,ShutTheFrontDoor__
bshkas,Leeds Canal At Dinner Time,,https://i.redd.it/jlxo0o2h56031.jpg,1558707948.0,55,0.93,10,CasualUK,thisiscotty
bshhiw,In case anyone was wondering,,https://i.redd.it/toelv1r646031.jpg,1558707524.0,451,0.97,37,CasualUK,hendy846
bshad2,"From QT, has that women just spotted that old man‚Äôs knob behind her? I‚Äôd be shocked too ...size of it!",,https://i.redd.it/3bcg9ir316031.jpg,1558706478.0,1850,0.97,59,CasualUK,Buibenfooph
bsgkgg,Is my bus driver okay?,"He just got out of the bus at the bus stop, told the people waiting to get on to wait and walked off merrily down the street with his rucksack. It's been 20 minutes...",https://www.reddit.com/r/CasualUK/comments/bsgkgg/is_my_bus_driver_okay/,1558702376.0,95,0.97,35,CasualUK,UtopiaFrenzy
bsgicm,"From all of us here at CasualUK, You stay classy Britain...",[deleted],https://i.redd.it/m71wl3wzm5031.jpg,1558702008.0,477,0.98,62,CasualUK,[deleted]
bsg9b8,I‚Äôm an American and I‚Äôm watching BBC news this morning. Do they always have someone doing sign language? Because this guy is amazing!,,https://i.redd.it/b7grgy26j5031.png,1558700525.0,440,0.97,43,CasualUK,Tappyy
bsg8tg,Happy Friday everyone!,,https://i.redd.it/3si5opd4j5031.jpg,1558700431.0,2193,0.98,73,CasualUK,Artful_leppage
bsg5bv,"I wen't into a specialist ""Adult"" Shop for the first time today...",[deleted],https://www.reddit.com/r/CasualUK/comments/bsg5bv/i_went_into_a_specialist_adult_shop_for_the_first/,1558699845.0,264,0.97,121,CasualUK,[deleted]
bsg09l,It's bank holiday weekend!,,https://i.redd.it/6lxogsmre5031.jpg,1558698964.0,223,0.93,14,CasualUK,jamieluke97
bsfvk5,The end of a 26 mile cycle along the Forth and Clyde canal,,https://i.imgur.com/X7WTRdR.jpg,1558698095.0,293,0.99,42,CasualUK,GregorF92
bsf6iq,Help me choose a surname that doesn't make me sound like an absolute wanker,[deleted],https://www.reddit.com/r/CasualUK/comments/bsf6iq/help_me_choose_a_surname_that_doesnt_make_me/,1558693274.0,168,0.97,218,CasualUK,[deleted]
bsf65v,The old Fireman Sam theme song is a banger,,https://youtu.be/AGAr6E0_SM8,1558693196.0,120,0.97,34,CasualUK,gronaldpdroumpf
bsf4tc,A pint with a view,,https://imgur.com/0ifHkvz,1558692931.0,124,0.97,12,CasualUK,ukbabz
bsew6p,Local pub making sure I never have to buy the local newspaper ever again,,https://i.imgur.com/2NwPQBk.jpg,1558691183.0,69,0.92,20,CasualUK,poopio
bses3w,"Argory lime tree walk N.Ireland, ft Paddy",,https://i.redd.it/l0wf41fyo4031.jpg,1558690288.0,358,0.97,17,CasualUK,lsimps
bse8j3,"Bank Holiday, boyos !",,https://i.imgur.com/mrPhmuD.jpg,1558685523.0,110,0.95,24,CasualUK,ablufia
bse7mk,"Clarks in Seoul, South Korea (I did have a moment of British Pride)",,https://i.redd.it/2ptcfdo2a4031.jpg,1558685289.0,315,0.99,27,CasualUK,pyro3366
bse6ep,Thanos sandals in TK Maxx,,https://i.redd.it/907zu5t694031.jpg,1558684985.0,663,0.96,42,CasualUK,dandy63
bsdxgf,Worst pub signs thread: the ROYAL Eltham,,https://i.redd.it/99l3jeai24031.jpg,1558682734.0,317,0.99,81,CasualUK,BradleyDack
bsdnta,I have discovered Cadbury‚Äôs mini rolls and there is no going back now.,Yeah fuck Twinkies. This is the best thing i have discovered in my first trip to the UK.,https://www.reddit.com/r/CasualUK/comments/bsdnta/i_have_discovered_cadburys_mini_rolls_and_there/,1558680480.0,233,0.95,83,CasualUK,[deleted]
bsdgxl,Taken in Morecambe. Somebody here might appreciate it.,,https://i.redd.it/v7pc6avzq3031.jpg,1558678881.0,86,0.96,26,CasualUK,bobroe111
bsco74,I think this Samsung bag is secretly a Cockney trying to start a fight.,,https://i.redd.it/y3hy9fv383031.jpg,1558672564.0,8204,0.98,135,CasualUK,nicklo2k
bs9hvp,"At 25 years old, I can proudly say that if all else fails I can make a balloon duck.",,https://i.redd.it/4gck97ltj1031.jpg,1558652238.0,202,0.99,9,CasualUK,licklesparkle
bs8l0a,"The Devil's Arse, Castleton. My BF takes me to the best places...",,https://i.redd.it/kdoul9ed41031.jpg,1558647045.0,172,0.98,22,CasualUK,joha85
bs889k,UK vs America,,https://i.redd.it/h5n9vruuy0031.jpg,1558645185.0,16430,0.96,867,CasualUK,prettyflybutnowifi
bs7v7z,Laughing at rowen Atkinson just saying 'bob',Don't know why but it is always funny,https://www.reddit.com/r/CasualUK/comments/bs7v7z/laughing_at_rowen_atkinson_just_saying_bob/,1558643321.0,173,0.96,32,CasualUK,[deleted]
bs7m5l,My mum‚Äôs latest creation; Toilet Frog,,https://i.redd.it/zjd60aohp0031.jpg,1558642036.0,398,0.93,27,CasualUK,HamSandwich13
bs7jur,Just your average sale...,,https://i.redd.it/vp7dichko0031.jpg,1558641726.0,76,0.97,6,CasualUK,bobblehead1981
bs7crx,Chelsea Flower Show lady looks like one of the flowers she's talking about,,https://i.redd.it/piog3f88l0031.jpg,1558640701.0,82,0.92,3,CasualUK,Palma_Sam_Cheese
bs6xf9,The UK is mad,,https://v.redd.it/3b6bdbcte0031,1558638462.0,445,0.94,38,CasualUK,ScroogeOfSummer
bs6nic,Yesterday I posted a photo of four baby goslings on my doorstep. Today I present you with six cygnets!,,https://i.redd.it/uficj1xfa0031.jpg,1558637057.0,159,0.99,19,CasualUK,anagoge
bs6cer,pretty coooool,,https://gfycat.com/MiserableLividIaerismetalmark,1558635438.0,205,0.97,19,CasualUK,ouvar12
bs624h,Wales looking especially green and summery on my walk to work this morning,[deleted],https://imgur.com/oFkK6Q4,1558633995.0,57,0.95,3,CasualUK,[deleted]
bs5w7k,"Saved a bee today, not saying I‚Äôm a hero but I‚Äôm sure I heard the bee saying I love you as it flew away",[deleted],https://i.redd.it/xiaibif3zzz21.jpg,1558633160.0,413,0.98,35,CasualUK,[deleted]
bs5f5x,Give a man a sausage roll and he'll eat for a day. Teach a man how to cook sausage rolls and he'll still eat for a day because they're belting,,https://i.redd.it/x8d2hb31szz21.jpg,1558630784.0,99,0.93,18,CasualUK,Froggatt34
bs57yr,We‚Äôve been rumbled.,,https://i.redd.it/d5gt8yodtrz21.png,1558629772.0,117,0.97,36,CasualUK,LazzaBeast
bs4dib,"An unusual visitor over Stickle Tarn, Cumbria",,https://i.redd.it/jyrryzuiczz21.jpg,1558625570.0,65,0.97,15,CasualUK,Goldenlightning1
bs4a1u,Cropped up on my Facebook; one of my locals has a new regular. Rural pubs have the best characters ;),,https://i.redd.it/tab8lch0bzz21.jpg,1558625066.0,117,1.0,7,CasualUK,miss421
bs3s7u,How did I not know these were a thing?!,,https://i.redd.it/6u88kheg3zz21.jpg,1558622527.0,106,0.94,33,CasualUK,Braythor_
bs3pk1,Leaked University of Manchester exam paper!,,https://i.redd.it/alyegyjb2zz21.jpg,1558622142.0,189,0.96,32,CasualUK,bacchus32x
bs3a77,Made me a little less sad about being a bus wanker today,,https://i.imgur.com/tDPwRxe.jpg,1558619950.0,1500,0.99,34,CasualUK,dontflyaway
bs26u4,I was staring at this for ages trying to figure out why there was a blackened doner kebab on a Burger King advert,,https://i.redd.it/1kc98ymwcyz21.jpg,1558613592.0,120,0.95,25,CasualUK,RadioacticeCow
bs21ho,The UK's official contribution to the NASA 2020 Mars rover,,https://i.redd.it/vvnuk3t0ayz21.png,1558612679.0,60,0.84,8,CasualUK,beastmandave
bs1w1i,Nappy full of porridge,,https://i.redd.it/qet3sk897yz21.jpg,1558611690.0,226,0.98,29,CasualUK,[deleted]
bs0zna,"Tiger Who Came To Tea author Judith Kerr has died age 95. Rest in peace Judith and thank you for the wonderful story, my kids and I love it.",,https://www.bbc.co.uk/news/entertainment-arts-48381415,1558605259.0,248,0.98,30,CasualUK,ron_mcphatty
bs0y5q,There was a time when these were the bees knees.,,https://i.imgur.com/qKAoZ7X.jpg,1558604920.0,59,0.93,38,CasualUK,twoshillings
bs0vgf,Not so pukka now,,https://i.redd.it/76jppphelxz21.jpg,1558604341.0,1303,0.97,133,CasualUK,MrsOld-Blighty
bs0ogk,Because ladies can't resist the scent of a Hob Nob stuck down the back of the sofa.,,https://i.imgur.com/1TelShS.jpg,1558602707.0,16734,0.95,424,CasualUK,spicerldn
bs0jty,Mount's Bay in Cornwall this morning,,https://i.redd.it/tg291idcdxz21.jpg,1558601638.0,63,0.96,3,CasualUK,BellaKaterina84
bs0g9a,Keeping it classy at the car boot sale...,,https://i.redd.it/6ibit6ukaxz21.png,1558600701.0,215,0.98,58,CasualUK,UberS8n
bs03dj,Saw a fox in the garden,,https://imgur.com/1e4iYBJ,1558597431.0,109,0.89,24,CasualUK,Nesser30
brzx3e,1 return trip... 7 pieces of card... I hate trains,,https://imgur.com/7DEYftQ,1558595926.0,387,0.97,70,CasualUK,iamtetsuo
brvijx,Folks I heartily recommend this! Was gutted to have finished the last series but I‚Äôm still basking in its warm fuzzy glow üåû,,https://i.redd.it/9hn7ym1ueuz21.jpg,1558565813.0,174,1.0,36,CasualUK,Isabellendneccessary
bruqpj,Remember when adverts were good!,,https://i.redd.it/8fyaxm8o2uz21.jpg,1558561720.0,53,0.94,24,CasualUK,allthekos
bruomr,There are so many empty shops in this town the council have put up fake shop fronts. This is not a takeaway. It's a picture of a takeaway over an empty shop..,,https://i.redd.it/pjbwsgqs1uz21.jpg,1558561426.0,332,0.99,49,CasualUK,allthekos
bruhna,About to make a cup of tea with my newest mug. So happy that they delivered to the US.,,https://i.redd.it/23pmzystytz21.jpg,1558560428.0,71,0.93,26,CasualUK,[deleted]
bruge1,Small village drama: I‚Äôd have ate two slices before anyone found a measuring tape,,https://i.redd.it/jfxw6chaytz21.jpg,1558560247.0,97,0.99,42,CasualUK,ManILoveFarming
bru3s7,Damn are the duke of Edinburgh expeditions worth it,[deleted],https://i.redd.it/nx3nbeqxstz21.jpg,1558558472.0,89,0.96,14,CasualUK,[deleted]
brtoe3,My back garden leads out onto a quay. I'm now the happy parent of four goslings!,,https://i.redd.it/ygcvu9emmtz21.jpg,1558556370.0,554,0.99,31,CasualUK,anagoge
brtg9f,Vigilante action here in Camden,,https://i.imgur.com/Xn5NOMg.jpg,1558555315.0,5470,0.99,145,CasualUK,MoodyStocking
brslx2,Gloucestershire,[deleted],https://i.redd.it/ddvfz84o7tz21.jpg,1558551296.0,105,0.99,9,CasualUK,[deleted]
brsk53,Ariel shot taken from google maps of Telford town park‚Äôs spider web climbing frame. Think it was supposed to be viewed from the top of the climbing frame!!!!,,https://i.redd.it/ct81og2y6tz21.jpg,1558551051.0,58,0.91,7,CasualUK,smotherpucker
brsgux,Left on the train table. Somebody's got an interesting evening planned.,,https://i.imgur.com/LWWyx7g.jpg,1558550596.0,53,0.95,10,CasualUK,karmacarmelon
brsdoo,Hit the jackpot in co-op this evening! Dinner for two for ¬£1.84!,,https://i.redd.it/huejy7e34tz21.jpg,1558550132.0,167,0.97,36,CasualUK,ThatUKCook
brrs64,This is not an undercover police dog.. never change England never change...,,https://i.redd.it/8mkq2l55vsz21.jpg,1558547083.0,173,0.98,19,CasualUK,420swagswagswag
brrmhm,This is the most bewildering use of an apostrophe I've seen in a while.,,https://i.imgur.com/Z9thadB.jpg,1558546274.0,130,0.99,16,CasualUK,[deleted]
brr1m0,Beachy Head - Eastbourne UK,,https://i.redd.it/4owkz702ksz21.jpg,1558543377.0,74,0.97,14,CasualUK,AgencyGang
brqwj3,"Roseberry Topping, North Yorkshire",,https://i.redd.it/3d3hm6ixhsz21.jpg,1558542671.0,77,0.94,8,CasualUK,MeMuzzta
brqshq,"Just be ugly, folks!",,https://i.redd.it/cxal4yrcgsz21.jpg,1558542123.0,496,0.97,19,CasualUK,lewaye
brqmlm,"Old American plane crash remains in Bleaklow - On 3rd November 1948 a USAF Boeing RB-29A Superfortress 44-61999 crashed in bad conditions, killing all 13 crew members. An eery sight to see in person however I would recommend this hike through the Peak District for yourselves",,https://i.redd.it/dcfgltrwdsz21.jpg,1558541287.0,69,0.95,19,CasualUK,Puddyl675
brptbz,Met Tom Hardy today,[deleted],https://i.redd.it/brlpldnl1sz21.jpg,1558537149.0,97,0.96,8,CasualUK,[deleted]
brpmh8,Some nostalgia for the pyromaniacs out there.,,https://imgur.com/Kp86B52,1558536165.0,240,0.98,16,CasualUK,OctaneHigh
brpe69,Burnham-on-Sea Lighthouse,[deleted],https://i.redd.it/rie4ida3vrz21.jpg,1558534968.0,90,0.98,3,CasualUK,[deleted]
brovmd,View from Conic hill in Scotland üòç not even the top!,[deleted],https://i.redd.it/1ch7kxormrz21.jpg,1558532166.0,153,0.98,7,CasualUK,[deleted]
broqyi,Giving free bunches of these bad boys out at the station,,https://i.redd.it/s6l0k2obkrz21.jpg,1558531410.0,340,0.98,31,CasualUK,PhilBon
broes4,Given that the UK nationally is trying to reduce plastic usage,"and Morrisons have brought in their paper bags, what's the biggest single-use plastic waste you'd like to see gone?     
     
I don't like how multi pack of chocolate bars or crisps still come in the massive packs to look better on the shelves.",https://www.reddit.com/r/CasualUK/comments/broes4/given_that_the_uk_nationally_is_trying_to_reduce/,1558529510.0,115,0.99,203,CasualUK,ashleyjarvis25
bro8lz,I know why they got rid of the salmon skin rolls at Yo Sushi,"I promise you, I'm not wearing a tin-hat as I type this.  

I met up with the Mrs for a Yo Sushi lunch today, something we hardly ever get to do since we work in different offices.  So Lunch was meant to be a real treat, a reward for getting through a shitty Wednesday morning.  I was propper jonesing for some Salmon Skin Rolls, like REALLY looking forward to them, practically salivating as I went through the door.

Get to the bar, look at the menu - where are my Salmon Skin Rolls?. Gone. Nowhere to be seen.  I ask the wait staff where they went.  Turns out, they've been gone since last November and are never going to be coming back **BECAUSE** the jeweller next-door complained to head office about the smell of salmon. 

That's right, a single poxy jeweller from an insignificant spa town caused such an uproar, was being such a bully (the staff's words, not mine) that *EVERY YO SUSHI IN THE COUNTRY* no longer sells a beloved dish because of this one tat peddler.  He claims it was the smell the was driving away customers but I'm pretty sure it's a) his prices b) his underwhelming merchandise and c) he's one of at least a dozen jewelers in a 200m^2 block

Don't know about you lot, but I'm fuming",https://www.reddit.com/r/CasualUK/comments/bro8lz/i_know_why_they_got_rid_of_the_salmon_skin_rolls/,1558528460.0,58,0.91,20,CasualUK,sassy-andy
brnpbi,The worst kind of door,,https://i.imgur.com/KzPaeX6.jpg,1558525181.0,98,0.97,11,CasualUK,[deleted]
brnosp,Ructions in York,,https://i.redd.it/xtgwqi9r1rz21.jpg,1558525093.0,526,0.99,59,CasualUK,HPBChild1
brnbyt,This is the first thing you see after you die,,https://i.redd.it/8btmw3n4vqz21.jpg,1558522862.0,15845,0.95,477,CasualUK,lmACunt
brn9uo,"Manchester‚Äôs Finest (Yes, that‚Äôs a carrier bag on her head)",,https://i.redd.it/sak31mrytqz21.jpg,1558522472.0,253,0.99,42,CasualUK,1antojones
brn8uz,Stunned mum finds sausage meat FACE in 91p packet of Aldi bangers,,https://www.swindonadvertiser.co.uk/news/17654824.swindon-mum-finds-sausage-meat-face-in-91p-packet-of-aldi-bangers/,1558522295.0,57,0.85,30,CasualUK,WindyMiller
brn6nn,Putney Embankment last night,,https://i.imgur.com/t6fDWhS.jpg,1558521882.0,287,0.98,6,CasualUK,[deleted]
brn5rj,Can‚Äôt beat a walk up Mt Snowdon,,https://i.redd.it/neamxypkrqz21.jpg,1558521710.0,84,0.97,9,CasualUK,Puddyl675
brmhnj,Went for a walk up the Malvern Hills yesterday evening,,https://i.redd.it/gjzga05wcqz21.jpg,1558516733.0,124,0.97,6,CasualUK,doggosRlyf
brm5u7,A massive thank you to everyone who gave feedback on my apps that show people where they can afford to buy a home and the cost of childcare in the UK. With the help of you guys we were chosen for the Accenture FinTech Accelerator - thank you!,"&amp;#x200B;

[Us at pitch day](https://preview.redd.it/6jsqwr1n0qz21.jpg?width=1200&amp;format=pjpg&amp;auto=webp&amp;s=577999a890850c380a33d91b9bf7e81f173e0519)

We‚Äôre earlier stage than most of the other startups in the accelerator, and one of the few focused on consumer tech, but we still graduated with the keynote speech at their pitch event! Needless to say we're incredibly excited, and the feedback we got from the post we did on here was instrumental in the development :) 

In addition to the [Homefinder](https://lifetise.com/homefinder?utm_source=reddit&amp;utm_medium=organic&amp;utm_campaign=Thankyou&amp;utm_content=casualuk) app that tells you the numbers to plug into Rightmove and Zoopla, we‚Äôre building a ‚Äòlife planning platform‚Äô to help people afford the big financial decisions in their lives, including a tool for [Childcare costs](https://lifetise.com/childminder?utm_source=reddit&amp;utm_medium=organic&amp;utm_campaign=Thankyou&amp;utm_content=casualuk).

Thanks again everyone :)",https://www.reddit.com/r/CasualUK/comments/brm5u7/a_massive_thank_you_to_everyone_who_gave_feedback/,1558513940.0,151,0.95,26,CasualUK,nicosy
brm1u4,My village is being slandered by the news. I know at least 7 people who live here and pretty sure none of them do cocaine,,https://i.redd.it/lct94vsm1qz21.jpg,1558512943.0,158,0.95,51,CasualUK,Amberlilx
brlx2x,The frustration oozing from this.,,https://i.redd.it/ph7ufmn6ypz21.jpg,1558511785.0,201,0.98,26,CasualUK,OntoSomethingWitty
brlmz2,"Brighton looking lovely, with the obligatory seagull swooping",,https://i.redd.it/72k4niywqpz21.jpg,1558509340.0,70,0.89,8,CasualUK,NormanMcNormanton
brlaiv,Kew Gardens,,https://i.redd.it/06db4f2lipz21.jpg,1558506545.0,777,0.98,36,CasualUK,morris_man
brko8j,Cat brought home a mouse...,"With a mouse trap attached to it.

This isn't the first time the cat as brought some weird stuff home, we have had a cooked burger, a kids small plastic animal toy and a small snake.

Does anyone else receive weird gifts off there pets?",https://www.reddit.com/r/CasualUK/comments/brko8j/cat_brought_home_a_mouse/,1558501740.0,61,0.94,60,CasualUK,BeardedW4rrior
brirzv,"Saw a post regarding a 50p coin so thought I'd share mine, I have more if anyone's interested :)",,https://i.redd.it/aslt57nv2oz21.jpg,1558489157.0,120,0.97,25,CasualUK,W13DAF
brg3a8,Gosport mum forced to put child locks on her freezer after badger breaks in to kitchen to eat lollies... and mashed potato,,https://www.portsmouth.co.uk/news/people/gosport-mum-forced-to-put-child-locks-on-her-freezer-after-badger-breaks-in-to-kitchen-to-eat-lollies-and-mashed-potato-1-8935768,1558473689.0,77,0.99,23,CasualUK,elboydo
brfi73,Morrison‚Äôs cooking instructions don‚Äôt fill me with much confidence.,,https://i.redd.it/rzszb7w8kmz21.jpg,1558470792.0,123,0.97,0,CasualUK,MrMaster88
brffdu,More of Kendal! This time minus a giant wall in the way - I can apologise!,,https://i.redd.it/jyx01sb2jmz21.jpg,1558470427.0,74,0.95,6,CasualUK,UnpreparedSugar
brfe1v,"Little Venice, Paddington, London.",[deleted],https://i.redd.it/tgw1kqygimz21.jpg,1558470255.0,226,0.97,22,CasualUK,[deleted]
brf5f5,Mmmmm Welsh internet.,[deleted],https://i.redd.it/k6p25gd6fmz21.jpg,1558469071.0,176,0.98,61,CasualUK,[deleted]
breok6,Was on my way home from work last week and saw this do a mini crash land. Cannock Chase.,,https://i.redd.it/uqotdd368mz21.jpg,1558466714.0,90,0.99,12,CasualUK,Chellyyyy
brelx4,[NSFW] Found on a pavement in Norwich whilst walking to the corner shop. Looks like the new porn law is already hitting the east of England.,,https://i.redd.it/5w71r7b17mz21.jpg,1558466346.0,69,0.97,26,CasualUK,F1r3st4rter
bre7qp,Tesco combining the holy trinity. Have they gone too far?,,https://i.redd.it/9ld4vvf71mz21.jpg,1558464409.0,184,0.96,38,CasualUK,[deleted]
brdlgd,Look what I got. I'm pretty chuffed! It prints nice too.,[deleted],https://i.redd.it/a87aomrcslz21.jpg,1558461402.0,105,0.94,25,CasualUK,[deleted]
brd9bh,Can I get some appropriately British Love for the Somerset Air Ambulance crew today?,,https://v.redd.it/uudfg89zmlz21,1558459732.0,220,0.97,9,CasualUK,donnakim82
brcpde,Arrest you for anything these days,,https://i.redd.it/nyalw2uhflz21.jpg,1558457073.0,96,0.96,3,CasualUK,[deleted]
brcich,"30,000 homes washed away as man knocks over Sports Direct cup of tea",,https://southendnewsnetwork.net/news/30000-homes-washed-away-after-man-knocks-over-sports-direct-mug-of-tea/,1558456116.0,127,0.94,4,CasualUK,millsytime
brchhg,Please... what?,,https://i.redd.it/82uy3i1bclz21.jpg,1558456004.0,351,0.99,23,CasualUK,Inwolfsclothing
brcekh,Whoever suggested using crumpets to make a fish finger sandwich on here - YOU ARE A BLOODY GENIUS.,,https://i.redd.it/rr9z2c45blz21.jpg,1558455610.0,105,0.92,36,CasualUK,[deleted]
brcejy,American here. Did I do it right?,,https://i.imgur.com/9gtM6s8.jpg,1558455608.0,35166,0.9,3064,CasualUK,CorkyDonkins
brcckf,Poem thats hung up above my mates desk at work. This is England.,,https://i.redd.it/od44d5329lz21.jpg,1558455335.0,155,0.94,19,CasualUK,ivorygoldmine
brc1db,Neighbour just came home with this. Two questions. Why?? And HOW??,,https://i.redd.it/51yeyyrq5lz21.jpg,1558453798.0,56,0.95,45,CasualUK,jimbarnett22
brbldk,"After a couple of different careers, I'm now 40 and at uni. Just got a job at a big orange supermarket to see me through my degree. I imagine it will only be a positive, character building experience.",,https://www.reddit.com/r/CasualUK/comments/brbldk/after_a_couple_of_different_careers_im_now_40_and/,1558451577.0,98,0.96,30,CasualUK,horrorhiker
brb93e,Beautiful Oxfordshire- here‚Äôs to a great summer !,,https://i.redd.it/ugd1ccsytkz21.jpg,1558449833.0,789,0.99,35,CasualUK,jonnyphotos
brb61x,Got judged by Chris Hemsworth in Tesco,,https://i.redd.it/6d0y1boqqkz21.png,1558449391.0,89,0.96,8,CasualUK,cameronhb
brau3u,What a shit day for a birthday!,[deleted],https://i.imgur.com/2Jikacd.jpg,1558447622.0,65,0.91,35,CasualUK,[deleted]
braa71,When those fresh notes drop from your local Barclays,[deleted],https://i.redd.it/43vdbsc6ekz21.jpg,1558444526.0,158,0.97,19,CasualUK,[deleted]
bra8wh,"When my wife fucks me off, i sometimes tighten up all the jar lids in our kitchen cupboard before i go to work. It's the little things.",,https://www.reddit.com/r/CasualUK/comments/bra8wh/when_my_wife_fucks_me_off_i_sometimes_tighten_up/,1558444313.0,227,0.89,59,CasualUK,MethodicallyCurious
bra2xs,"As much as I‚Äôm looking forward to the summer, I‚Äôm gonna miss the excessive screaming of ‚Äúits coming home‚Äù every time I‚Äôm in a pub",,https://www.reddit.com/r/CasualUK/comments/bra2xs/as_much_as_im_looking_forward_to_the_summer_im/,1558443377.0,94,0.96,26,CasualUK,99StrengthGz
bra11u,Good afternoon UK,,https://i.redd.it/y7014fct9kz21.jpg,1558443057.0,94,0.97,8,CasualUK,Spazmanaut
br9nza,My friend found this under the floor of a house he was working on (Club biscuit from 1983),,https://i.redd.it/p33to5ca3kz21.jpg,1558440860.0,520,0.99,66,CasualUK,HazeBoyDaily
br9hz1,Anyone else really looking forward to the PPI claim deadline?,[deleted],https://www.reddit.com/r/CasualUK/comments/br9hz1/anyone_else_really_looking_forward_to_the_ppi/,1558439858.0,101,0.99,21,CasualUK,[deleted]
br9ctz,Would you consider this a British delicacy?,,https://i.redd.it/ege09xajxjz21.jpg,1558438932.0,93,0.91,57,CasualUK,makakaka2
br92q4,The eggs at my allotment have been replaced with birds! *photo taken from a safe distance to not disturb them*,[deleted],https://i.redd.it/0ui8tukrrjz21.jpg,1558437046.0,264,0.99,15,CasualUK,[deleted]
br8yol,Life on Mars/Ashes to ashes,Just finished watching for the umpteenth time. This was the best thing to come out of the Beeb ever... Fight me. ‚ù§Ô∏è,https://www.reddit.com/r/CasualUK/comments/br8yol/life_on_marsashes_to_ashes/,1558436282.0,64,0.95,39,CasualUK,LanieLou666
br8xsp,Excessive packaging much?,,https://i.redd.it/a39jxxi4pjz21.jpg,1558436097.0,195,0.96,50,CasualUK,[deleted]
br8ldt,The DeLorean from Back to the Future is at Media City today!!,,https://i.redd.it/od0owbnghjz21.jpg,1558433536.0,72,0.94,15,CasualUK,FormidableFish
br8126,Lest we forget,[deleted],https://i.redd.it/54mddhyp4jz21.jpg,1558429234.0,316,0.93,141,CasualUK,[deleted]
br7uvw,It's my birthday today. Internet beer at 7pm,[deleted],https://www.reddit.com/r/CasualUK/comments/br7uvw/its_my_birthday_today_internet_beer_at_7pm/,1558427691.0,60,0.9,27,CasualUK,[deleted]
br7r80,This stuff is bloody good! Although it does seem like you've twocked someone else's biscuit dunked tea.,,https://i.redd.it/q9jjclzcxiz21.jpg,1558426765.0,90,0.92,45,CasualUK,jazzypants226
br7d85,Team GB singing after beating France to secure their spot in the top division of international hockey!,,https://streamable.com/cg57e,1558423418.0,57,0.96,6,CasualUK,Midasx
br6xw3,Coolest dude on the train. Desparate to stroke him but he's at work.,,https://imgur.com/upFSFlx.jpg,1558420016.0,9712,0.94,335,CasualUK,Delscottio1
br6vu3,Spotted in Edinburgh. Alrighty then!,,https://i.redd.it/xl7l9oj0ciz21.jpg,1558419586.0,304,0.97,28,CasualUK,glittermustardmo
br4w20,Thought Father Christmas was coming early this year but it turned out to be this absolute unit making its way down the Chimney instead!,,https://i.redd.it/jjf9hims7hz21.jpg,1558406056.0,2591,0.99,135,CasualUK,smallTimeCharly
br3mxi,The British Isles as Drawn from Memory by 140+ Brits,,https://imgur.com/a/NLsBrkF,1558398663.0,200,0.99,54,CasualUK,Victor_UnNettoyeur
br2l3p,matron...,,https://i.redd.it/7j9ndli24gz21.jpg,1558392720.0,49,0.92,4,CasualUK,aff_it
br2cr4,Amazing Wisteria in full bloom on my road.,,https://i.redd.it/ql8f6xsi0gz21.jpg,1558391501.0,503,0.98,19,CasualUK,quosh
br23qu,How that sign working out?,,https://i.redd.it/73l3be4rgfz21.jpg,1558390202.0,83,0.97,12,CasualUK,MassiveBeatdown
br1y4l,What goes up must come down,,https://i.imgur.com/42gN0vP.gifv,1558389396.0,71,0.95,10,CasualUK,[deleted]
br1rkc,I assume this happens to all of you all the time.,,https://i.imgur.com/aihddwh.gif,1558388460.0,155,0.95,29,CasualUK,humbleinhumboldt
br0rfo,In the afterlife you must...,,https://i.redd.it/46zzwez3dfz21.png,1558383639.0,134,0.95,7,CasualUK,Tiernoon
br036y,Fiat 500: massive twat edition,,https://i.imgur.com/urcJ3C4.jpg,1558380525.0,249,0.99,55,CasualUK,kungpowfunk
bqzoqy,James corden getting roasted.,,https://www.reddit.com/r/IAmA/comments/bqy5zf/i_am_james_corden_alongside_ben_winston_and_five/,1558378696.0,344,0.97,86,CasualUK,hunterfam55
bqynqh,Vandals at the car park again...,,https://i.redd.it/6yyujtk1kez21.jpg,1558373853.0,181,0.97,8,CasualUK,stevenson3529
bqyhzx,The future is here.,[deleted],https://i.redd.it/iz4soc1rhez21.jpg,1558373096.0,209,0.94,61,CasualUK,[deleted]
bqy911,Wholesome chalk art left for me by the neighbour‚Äôs kids.,[deleted],https://i.redd.it/7vuw9ulfeez21.jpg,1558371969.0,71,0.91,13,CasualUK,[deleted]
bqxqa7,"2 years ago today I quit my job at Wetherspoons. One of the guys I had worked decided to turn my girlfriend into Tim Martin (the head of the company), and I've never been more horrified.",[deleted],https://i.redd.it/ykb1yssw6ez21.jpg,1558369553.0,1272,0.98,39,CasualUK,[deleted]
bqxpjp,"Rod Stewart donates ¬£10,000 after model railway club vandalised",[deleted],https://www.theguardian.com/uk-news/2019/may/20/rod-stewart-donates-10000-model-railway-club-vandalised-market-deeping,1558369456.0,153,0.99,20,CasualUK,[deleted]
bqwx41,Just been signed off work,"Hello ladies and gentlemen, sorry if this is the wrong place to ask but I don't know what to do.

My doctor has just signed me off for 2 weeks with depression and anxiety, I have got a night away in Liverpool booked on Friday and was really looking forward to it, I'm wondering if I should still go now.

I'm not sure of the etiquette? It's unlikely but I worry about bumping into someone from work, which is silly I know, but I've been off before with this and got a bollocking when I went back for being seen shopping in Morrisons! I was told that I shouldn't be leaving the house if I'm signed off. 
That was a few years ago under an old management team but it's still making me feel uneasy.
The hotels all booked and paid for as are trains, so I can't get refunds and I could probably do with a bloody good night out, but I don't know what to do. 


What would you guys do in the same situation?",https://www.reddit.com/r/CasualUK/comments/bqwx41/just_been_signed_off_work/,1558365781.0,62,0.94,68,CasualUK,CakeOrNothing82
bqwgbl,Here's a link to the video stream of 4 peregrine falcon chicks being raised on Parkinson Tower at Leeds Uni. They are adorable little fluffballs right now and have just about learnt to stand up.,,https://g2.ipcamlive.com/player/player.php?alias=5afa97e2aebc6,1558363612.0,60,0.97,17,CasualUK,President-Nulagi
bquwlc,Any time someone posts a breakfast on /r/CasualUK,,https://i.redd.it/kvedg6el0dz21.png,1558355227.0,590,0.97,55,CasualUK,AGeary
bqujjw,Thank you god,,https://i.redd.it/kypyxne3ucz21.jpg,1558353020.0,73,0.89,35,CasualUK,[deleted]
bqtzyh,New t-shirt in primark. I cant belive someone was paid to design this and then someone was paid to approve it. Must be easiest job in the world.,,https://i.imgur.com/aXxRc8H.jpg,1558349549.0,216,0.97,30,CasualUK,40_Winks
bqt7ey,To get to Hogwarts.,[deleted],https://gfycat.com/JampackedIdealBasenji,1558343588.0,181,0.93,66,CasualUK,[deleted]
bqt3bx,Oddest selection of UK regions I've seen so far on a shipping form,,https://i.redd.it/wcq4jezazbz21.png,1558342709.0,1800,0.99,149,CasualUK,Floppy76
bqsw5b,'Bus Robot' - Unknown Artist (Banksy?),,https://i.redd.it/8g6kxw5cubz21.jpg,1558341056.0,88,0.91,8,CasualUK,Katsu-Pork
bqsaez,Nice canal walk this morning,,https://i.redd.it/p4boc1uegbz21.jpg,1558336314.0,214,0.97,40,CasualUK,camfitz11
bqs828,Colleague bought some Fudge from holiday. Think I might give this one a miss...,,https://imgur.com/BnWxvVl,1558335841.0,83,0.92,11,CasualUK,couverbrum
bqs4rx,God I Love British Street Art,,https://i.redd.it/ow1hu0c0dbz21.jpg,1558335169.0,51,0.85,5,CasualUK,Punkster13666
bqry2l,Looks like a job for Tiff Needle,,https://imgur.com/hHeUVil,1558333823.0,100,0.96,12,CasualUK,OnePlayerReady
bqrmzm,"It‚Äôs Monday. Has anyone ever just said ‚Äòfuck it‚Äô, given up work, and bought a camper / travelled the world / moved to another country, on a whim?",[deleted],https://www.reddit.com/r/CasualUK/comments/bqrmzm/its_monday_has_anyone_ever_just_said_fuck_it/,1558331688.0,122,0.99,60,CasualUK,[deleted]
bqqi43,Welcome to the Black Parade,,https://i.redd.it/ms935dq1haz21.jpg,1558324500.0,53,0.92,9,CasualUK,drunkbettie
bqn4we,Anyone else used to watch Get Your Own Back? I used to love the classic ‚ÄòGunk Dunk‚Äô,,https://i.redd.it/01t9zakuw8z21.jpg,1558305518.0,100,0.98,23,CasualUK,DonnyTheBowler
bqmyud,A Manchester chef doing his part for the homeless.,,https://i.redd.it/n3xgl9q2u8z21.png,1558304597.0,97,0.97,8,CasualUK,Vannfrank
bqms18,"Ah fuck, my cat turned full british",,https://i.redd.it/djor3h06r8z21.jpg,1558303612.0,76,0.98,17,CasualUK,[deleted]
bqm7vn,"Ok own up, who's keeping this publication in business?",[deleted],https://i.redd.it/ln45vkbli8z21.jpg,1558300723.0,91,0.97,65,CasualUK,[deleted]
bqks4l,Good luck with your A Level exams from tomorrow folks who are doing it!,[deleted],https://www.reddit.com/r/CasualUK/comments/bqks4l/good_luck_with_your_a_level_exams_from_tomorrow/,1558293308.0,60,0.95,7,CasualUK,[deleted]
bqkmu0,Urine the wrong bed mate,[deleted],https://i.redd.it/doe3h6jdu7z21.jpg,1558292581.0,365,0.96,63,CasualUK,[deleted]
bqkgzl,I wonder what she has in her bag,,https://i.redd.it/uulxkdsyr7z21.jpg,1558291770.0,82,0.92,11,CasualUK,millsytime
bqjpg7,Finally figured out where the chirping was coming from.,,https://i.imgur.com/H40mcqm.jpg,1558287824.0,234,0.99,39,CasualUK,[deleted]
bqjmik,The wonderful steam locomotive of the NYMR (Taken in Grosmont),,https://i.imgur.com/kkvv4Kd.jpg,1558287405.0,192,0.98,23,CasualUK,[deleted]
bqjmcp,Obligatory defacement on a train at Marylebone.,,https://i.redd.it/1akr2aowe7z21.jpg,1558287380.0,53,0.9,4,CasualUK,mpdehnel
bqj8ks,Vroom vroom,,https://v.redd.it/mzzljoo2v6z21,1558285330.0,92,0.93,21,CasualUK,lebrian
bqilw6,"Someone has stolen a car from Buttercups goat sanctuary, Kent",,https://i.redd.it/mahe5s0uy6z21.jpg,1558281972.0,210,0.98,19,CasualUK,bum-off
bqil9e,First time I've had chance to photo this guy's collection,,https://i.redd.it/jdtav2jjy6z21.jpg,1558281874.0,137,0.98,23,CasualUK,ldmosel
bqiax8,Just need a copy of your employment history,,https://i.redd.it/3tccjrwwt6z21.jpg,1558280316.0,98,0.98,28,CasualUK,Willyamsss
bqhycc,As someone who grew up collecting and playing with Hornby trains as a kid with my grandad this makes me mad.,,https://www.bbc.co.uk/news/uk-england-lincolnshire-48326572,1558278416.0,182,0.99,53,CasualUK,LittleBertha
bqhpnp,I‚Äôve never baked before. Today I baked a potato.,,https://i.redd.it/2xrzhr3bk6z21.jpg,1558277090.0,361,0.95,38,CasualUK,DeadYen
bqhmtd,I work in th‚Äôospital in Lancashire and even the road signs have to be written specially for Northerners.,,https://i.redd.it/jtkca6mui6z21.jpg,1558276636.0,62,0.93,9,CasualUK,shaka-khan
bqhm3w,I‚Äôm Japanese man.,"I‚Äôll move to UK soon. Can you give me advice which I had better not do like ‚Äú two finger against persons‚Äù
Actually we do that with saying ‚Äú peace!‚Äù

I need to know manners in UK.

Manner make it man.",https://www.reddit.com/r/CasualUK/comments/bqhm3w/im_japanese_man/,1558276529.0,126,0.78,131,CasualUK,Taka-middle
bqhgdl,Pulled off the trolley heist of the century at Asda this afternoon.,,https://i.redd.it/69j2vcoyf6z21.jpg,1558275625.0,1752,0.98,96,CasualUK,[deleted]
bqhg6g,"Found this while searching for my birth certificate, I have no explanation.",,https://i.redd.it/qru2im0vf6z21.jpg,1558275592.0,564,1.0,53,CasualUK,Zokins
bqgwnc,"Had a Eurovision party last night, pretty happy with the amount of humous people brought",,https://i.redd.it/buj2cn5x56z21.jpg,1558272253.0,683,0.97,108,CasualUK,lilSalty
bqgh8w,Anyone else remember Angry Kid?,[deleted],https://i.redd.it/6suk2s6tx5z21.jpg,1558269554.0,234,0.97,17,CasualUK,[deleted]
bqgamv,"Wastwater is a pain to get to, but it's worth the effort. Taken yesterday.",,https://imgur.com/bvgYljC,1558268317.0,135,0.99,11,CasualUK,Emsicals
bqg9m0,Abergavenny graffiti artists also respect Dolly Parton.,,https://i.redd.it/jy1ybyolt5z21.jpg,1558268125.0,202,0.99,14,CasualUK,Bourne_Free
bqg21u,That‚Äôs new...,,https://i.redd.it/mu76cu39p5z21.jpg,1558266643.0,59,0.93,8,CasualUK,vbloke
bqfqrl,This Tesco Express is in an old pub,,https://i.redd.it/uwh8rcb3i5z21.jpg,1558264234.0,84,0.96,29,CasualUK,TractorMcTractor
bqfqib,Just found this old relic. We shall remember you x,,https://i.redd.it/vo1db83xh5z21.jpg,1558264176.0,2054,0.98,99,CasualUK,KinFan
bqfnz2,"Nah, nothing to see here officer.",,https://i.imgur.com/DDw0n9H.jpg,1558263588.0,141,0.99,21,CasualUK,Suspicious_Platform
bqf9ut,*cries*,,https://i.redd.it/692p0gyn65z21.jpg,1558260405.0,1661,0.99,99,CasualUK,Arsewipes
bqf8p1,There was a street party in town yesterday... They had llamas,,https://imgur.com/pAMJjNe.jpg,1558260171.0,172,0.98,11,CasualUK,[deleted]
bqf0eh,We've just invented a new breakfast and we're calling it Crumpet Supreme. What do you think of it? Awesome or appalling?,[deleted],https://i.redd.it/rbf3ypph05z21.jpg,1558258446.0,96,0.75,75,CasualUK,[deleted]
bqewvd,"Considering it's been out for 17 years, I'm amazed Asda are still selling merchandise for the Ali G movie.",,https://i.imgur.com/r8F9Vwa.jpg,1558257698.0,594,0.97,12,CasualUK,internetdog
bqen68,The United Kingdom wins the Eurovision Song Contest,,https://i.imgur.com/uK7JxRC.jpg,1558255553.0,838,0.98,144,CasualUK,BringIt007
bqefs8,Did anyone else cruise the streets on one of these bad boys in the 80's??Raleigh Vektar,,https://i.redd.it/gvvz3ge0n4z21.jpg,1558253810.0,111,0.98,46,CasualUK,OmaC_76
bqe5e1,Got my A-Level exams tomorrow,Wish me luck lads and lasses.,https://www.reddit.com/r/CasualUK/comments/bqe5e1/got_my_alevel_exams_tomorrow/,1558251309.0,88,0.87,48,CasualUK,McBahtman
bqcqpp,Someone just tried stealing my shed,"Not the lawnmower inside the shed, the fucking shed itself. 

Who the fuck does that? Fucking crackheads.",https://www.reddit.com/r/CasualUK/comments/bqcqpp/someone_just_tried_stealing_my_shed/,1558238741.0,83,0.98,40,CasualUK,Fenrir-The-Wolf
bqcn3g,abandoned quarry on Dartmoor Devon,,https://i.redd.it/ct58pee2c3z21.jpg,1558237998.0,55,0.98,8,CasualUK,DilliGaff12
bq9fna,"So I snapchat filtered the Queen, she's looking good",,https://imgur.com/YLZYnJv,1558217064.0,88,0.95,16,CasualUK,fred1840
bq94gi,Erm... What?,,https://imgur.com/a6eggPh.jpg,1558215096.0,99,0.97,27,CasualUK,Amsterdank
bq8sqn,"Farewell, Friend. Last ever HST services from Paddington operated today. A tear (or a few) was shed.",,https://i.redd.it/hukg5zpsa1z21.jpg,1558213356.0,97,1.0,55,CasualUK,BobsPizzas
bq8qz4,The good people of Manchester looking out for each other,,https://i.imgur.com/I7GqtZj.jpg,1558213073.0,168,0.99,11,CasualUK,Sharktopus_
bq8mlh,Fancy a holiday at any of these exotic locations?,,https://i.redd.it/9m2jqydp71z21.png,1558212376.0,67,0.95,11,CasualUK,SirGoldfish
bq7qky,A very British meme. Makes me chuckle everything I look at it.,,https://i.redd.it/ubtumr87t0z21.jpg,1558207436.0,84,0.9,9,CasualUK,C9Daddy
bq7hqp,These construction companies are getting out of hand.,[deleted],https://i.redd.it/zz6bn02un0z21.jpg,1558206048.0,127,0.96,9,CasualUK,[deleted]
bq7b5n,My works stock cages are relics of the past,,https://i.redd.it/qpdcpi94m0z21.jpg,1558205054.0,69,0.95,5,CasualUK,FCZ1LoneWolf
bq7ag9,NSFW the abomination of a cheese on toast the mrs got served today,,https://i.redd.it/t47bt0msl0z21.jpg,1558204945.0,125,0.99,45,CasualUK,Snarf85
bq6sah,My local NHS hospital getting savage on Twitter,,https://i.redd.it/cw9bpe9kd0z21.png,1558202182.0,14226,0.93,710,CasualUK,Thisbewallis
bq5xpg,Try Uniquorn!,,https://i.redd.it/1g46s5znzzy21.jpg,1558197503.0,319,0.97,6,CasualUK,ILikedTheBookBetter
bq5uss,Does anybody else‚Äôs partner buy a new box of lasagne sheets every sodding time you make it?,,https://i.imgur.com/yFA43ae.jpg,1558197043.0,659,0.98,83,CasualUK,[deleted]
bq5nih,Sun came out for 5 minutes.. bbq and fire.. it‚Äôs raining now but sod it! Happy Saturday,,https://i.redd.it/uu1817gyuzy21.jpg,1558195919.0,92,0.96,13,CasualUK,OMG-BITCHTITS
bq5ang,I think I know who ate all the pies?,,https://i.redd.it/fznyq3syozy21.jpg,1558193941.0,71,0.95,10,CasualUK,Bourne_Free
bq4ssx,Improve your exposure,,https://i.redd.it/q2xbpfsixry21.jpg,1558191110.0,163,0.99,7,CasualUK,LordAnubis12
bq4qzf,"Accidentally visited Bude Tunnel today, what a vision.",,https://i.redd.it/3mxqq7uofzy21.jpg,1558190793.0,1224,0.99,54,CasualUK,Raebells
bq4qv0,"Walking to McDonalds and hearing people heckle this man with ""I didn't know they were sleeping!""",,https://i.redd.it/qll7clihfzy21.jpg,1558190774.0,80,0.96,30,CasualUK,Nimbl_
bq4g9q,Beans are the MVP of a full English.,"Listen. I've got a lot of flack for this opinion from my mates, but I stand by it. Beans are the true MVP of a fry up. I'm not claiming they're the best individual item (I'm not *that* out there), but they're the item that does the most work. You need something to cut through the grease and stodge of the rest of the food, and beans do that work. So small and yet so mighty. And the combo of egg, bean, and sausage is the highlight of the full English. People may disagree, but just know you're wrong. MVP trophy goes to beans every time.

This opinion is closely related to my other, more controversial belief that the gherkin does the most work in a burger.

Thanks for coming to my Ted talk.",https://www.reddit.com/r/CasualUK/comments/bq4g9q/beans_are_the_mvp_of_a_full_english/,1558188998.0,133,0.85,74,CasualUK,rsherbats
bq4cec,We have to be the best at something I suppose..,,https://i.redd.it/1qabz2lg8zy21.jpg,1558188356.0,126,0.98,24,CasualUK,ajw276
bq44b4,A local pizza place started an Instagram account. This is my favourite post,,https://i.redd.it/gxten7934zy21.jpg,1558186884.0,2253,0.99,147,CasualUK,whatyatalkinshitfor
bq3nxb,Finding it hard to buy a gift for someone special?,,https://i.redd.it/6755ayoyuyy21.jpg,1558183814.0,90,0.97,10,CasualUK,brinsfordale
bq38cb,6 more trainee psychopaths.,,https://i.redd.it/3l5fxbdolyy21.jpg,1558180716.0,391,0.99,41,CasualUK,topotaul
bq38c6,Anybody else think today's Google image looks like Rodney Trotter?,,https://i.redd.it/y9s3jmu2jyy21.png,1558180716.0,68,0.9,4,CasualUK,spearmint_wino
bq359u,The CasualUK Eurovision Megathread!,[deleted],https://www.reddit.com/r/CasualUK/comments/bq359u/the_casualuk_eurovision_megathread/,1558180034.0,167,0.95,4229,CasualUK,[deleted]
bq2r09,My 4 year old lad caught his first crab in Flamborough. Very proud of him.,,https://i.redd.it/wyolkutz9yy21.jpg,1558176766.0,124,0.95,31,CasualUK,ddickin1
bq2p9e,My Romanian Nana has been doing some soul bonding with the wild pheasant that's been hanging around our house. This is the closest she's ever gotten.,,https://i.redd.it/wg1jnj1r8yy21.jpg,1558176345.0,73,0.91,17,CasualUK,GaCoRi
bq2fll,Our friend dropped a bus ticket... why does it say demon on it?,[deleted],https://imgur.com/FrGVWyS,1558174039.0,83,0.93,18,CasualUK,[deleted]
bq2ev8,I realise in these times of fierce competition supermarkets need to find new services to offer but Tesco has really raised the bar.,,https://i.redd.it/ez58r9t20yy21.jpg,1558173971.0,60,0.9,7,CasualUK,Mombo1212
bq2c9f,Thank goodness. The BBC finally asking the question we've all been asking...,,https://i.redd.it/uwlpef16vxy21.png,1558173739.0,13584,0.95,658,CasualUK,nonononer
bq27wt,How is your view this morning?,,https://i.redd.it/z9ui4u0bmxy21.jpg,1558173376.0,236,0.99,19,CasualUK,Bourne_Free
bq21vb,Which way?,,https://i.redd.it/kdin5pmegxy21.jpg,1558172595.0,129,0.97,29,CasualUK,AntiSocialMackerel
bq1orr,We're finally getting a Burger King on the Isle of Wight!,also getting our first 24/7 gym but who has the time,https://www.reddit.com/r/CasualUK/comments/bq1orr/were_finally_getting_a_burger_king_on_the_isle_of/,1558168296.0,64,0.96,29,CasualUK,crumpts
bpxxet,"Just spotted this villainous slipper cackling at me, I no longer feel safe",,https://imgur.com/f2KVaoY,1558133524.0,127,0.97,12,CasualUK,cobblebug
bpw9d2,We have some beautiful spots in this great country! Taken near Aira Force Waterfall in Lake District.,,https://i.redd.it/804rs0b6zty21.jpg,1558124705.0,63,0.96,2,CasualUK,[deleted]
bpw1o9,Could lead to a sticky situation..,,https://i.imgur.com/Pg3bXS5.jpg,1558123644.0,137,0.98,25,CasualUK,WalkingCloud
bpvkcc,Strength 5? Yeah no shit!,,https://i.imgur.com/gewhBjr.jpg,1558121212.0,119,0.99,40,CasualUK,custardy_cream
bpv8td,Tip from a London Train Driver,"Some of us are kind enough and do reopen the doors!

From my experience people turn away in frustration as soon as the door button don‚Äôt work, I will notice them in the camera and reopen the doors and by that time they are facing other way in frustration or possibly embarrassment!

So from me... keep an eye on the outside of the carriage, if the orange lights are lit, we have reopened the door! And listen out for the beeps, they‚Äôre different when the doors open and when then close

Anyway

I reopen doors a lot and this happens everyday lol just face the train and you might get one of us nice lot

Have a nice day lol

Edit: thank you for my first ever gold ‚ò∫Ô∏è‚ò∫Ô∏è",https://www.reddit.com/r/CasualUK/comments/bpv8td/tip_from_a_london_train_driver/,1558119630.0,343,0.99,54,CasualUK,ersenos
bpuhzz,Swansea station carpark - home of the existential crisis (careful read the sign),,https://i.imgur.com/7FfcUde.jpg,1558115883.0,236,0.98,28,CasualUK,spotter_300
bpueax,Is it me or does everyone have one these plastic ‚Äútuppleware‚Äù cupboards in their house. Despise numerous attempts to get rid and start again ; we always get to this again. üò≠,,https://i.redd.it/57at77ad7ty21.jpg,1558115347.0,238,0.97,63,CasualUK,tache-man
bptxym,"This premium goose is visiting all the way from Egypt. Glad to you have you, mate.",,https://i.redd.it/y4ao3b9q0ty21.jpg,1558113119.0,122,0.99,19,CasualUK,FloopersRetreat
bptqgp,"Sorry this post is 2 days late, I'm only just getting over the excitement (perhaps the greatest day ever?)",[deleted],https://i.imgur.com/F2z7we5.jpg,1558112093.0,209,0.97,44,CasualUK,[deleted]
bptbj2,A panoramic view over Whitby,,https://i.imgur.com/AZXbcMo.jpg,1558110030.0,57,0.94,14,CasualUK,[deleted]
bpt5a3,I think my parents need to buy a new pencil...,,https://i.imgur.com/V3FiXHz.jpg,1558109187.0,93,0.93,24,CasualUK,mykeuk
bpt1vg,"""You never stop being a mum!""",,https://i.redd.it/nmp57iv6jqy21.png,1558108732.0,279,0.96,27,CasualUK,harry_s_24
bpsuda,Wife was wearing stupid slippers and took a tumble down the stairs. God bless the NHS!,[deleted],https://i.redd.it/bln7mdinksy21.jpg,1558107707.0,126,0.85,51,CasualUK,[deleted]
bpsmg2,"York Station men's toilets may be rank, but at least they have a good message",,https://i.redd.it/lms7s09chsy21.jpg,1558106616.0,151,0.98,6,CasualUK,3wanw1ld
bpsjg3,Just a pigeon enjoying some quavers. Happy Friday!,,https://i.redd.it/v7l51wasfsy21.png,1558106186.0,76,0.97,5,CasualUK,harmonyPositive
bprsni,Casually spotted outside the hospital walking home,,https://i.redd.it/yik6lev15sy21.jpg,1558102505.0,263,0.98,52,CasualUK,Biginvalid
bpr95c,The first ravens to be hatched at the Tower of London in thirty years were born today,,https://mobile.twitter.com/TowerOfLondon/status/1129267805331705861?s=19,1558099620.0,88,0.98,11,CasualUK,lionguardant
bpr05y,Only in London,,https://i.redd.it/ycpri0ytuqy21.jpg,1558098203.0,115,0.85,10,CasualUK,Nekrogoblikon1708
bpqnjx,A photo I got of last night‚Äôs sunset in Northumberland,,https://i.redd.it/b689z9xdmry21.jpg,1558096191.0,55,0.91,10,CasualUK,[deleted]
bppuqu,One of my sausages appears to have committed seppuku whilst my back was turned.,,https://i.redd.it/22aj2fwr7ry21.jpg,1558091271.0,89,0.93,29,CasualUK,changleosingha
bpprhs,Last week somebody posted about donating stem cells and that they‚Äôd been a match for a young boy. It was such an inspiring story - to help save a life. My swab kit has arrived today. It took me only 8 minutes to complete.,[deleted],https://i.redd.it/qcnsdkw16ry21.jpg,1558090689.0,96,0.98,24,CasualUK,[deleted]
bppmnt,I am routinely terrified by this man on a local Tesco,,https://i.redd.it/mwkoq8tx2ry21.jpg,1558089690.0,782,1.0,60,CasualUK,fennric
bpp2oi,Poundland going hard early hours Friday.,,https://i.imgur.com/nkQBvDa.png,1558085508.0,438,0.98,63,CasualUK,RhigoWork
bpoxu1,Local corner shop everyone calls ‚Äúbossmans‚Äù actually put it on there sign,,https://i.redd.it/t1hhlgednqy21.jpg,1558084430.0,511,0.99,39,CasualUK,Razzalax
bporer,Thank you for delicious Punk IPA,"I am Japanese man and I love beer.  Today I drink punk IPA.  There is craft beer boom in Japan.  Please recommend delicious craft British beer.  

&amp;#x200B;

I'm in park not working.  Aren't you working? Time difference!",https://www.reddit.com/r/CasualUK/comments/bporer/thank_you_for_delicious_punk_ipa/,1558082929.0,23541,0.9,1725,CasualUK,manloveuk
bpo1q7,Not sure they thought the name through properly for the British market.,,https://i.redd.it/hxplqmct0qy21.jpg,1558076875.0,80,0.94,18,CasualUK,Pancake-Marathon
bpo0vd,3 weeks ago I proposed to the lady that opened this packet of crumpets. I have made a huge mistake.,[deleted],https://i.redd.it/g1jghtne0qy21.jpg,1558076684.0,286,0.96,46,CasualUK,[deleted]
bpnuti,Typical fat American tourist coming over here and acting like he owns the place,,https://i.redd.it/lt3o39v1wpy21.jpg,1558075391.0,1433,0.98,87,CasualUK,Slaeowulf
bpku5a,One day I may be as happy as this officer.,,https://i.redd.it/6q3qhhke9oy21.jpg,1558055496.0,141,0.96,22,CasualUK,Martin1234Rulez
bphzy5,"So watching ""Ambulance"" on BBC1",And the controller has just taken a call about someone on the hard shoulder of motorway who has connected his car battery to his testicles. Awaiting further developments.,https://www.reddit.com/r/CasualUK/comments/bphzy5/so_watching_ambulance_on_bbc1/,1558039986.0,63,0.99,24,CasualUK,CrocodileJock
bphmfb,You never know when you might need one...,,https://i.redd.it/61lk5suutmy21.jpg,1558038203.0,69,0.95,29,CasualUK,crosschris
bphe37,My uni confession page. I understand why people think students are disgusting now,,https://i.imgur.com/FGhsOde.jpg,1558037114.0,87,1.0,22,CasualUK,AnusOfTroy
bpgo1s,Just a local farewell from the local video rental store,,https://i.redd.it/zxgn24dmgmy21.jpg,1558033709.0,802,0.98,83,CasualUK,bloodmike1
bpfuym,UncasualUK. Spotted in Cosham this morning.,,https://i.redd.it/afkluz775my21.jpg,1558029868.0,101,0.99,38,CasualUK,04housemat
bpfk1f,ITT: Pretend you're in a local facebook group,,https://www.reddit.com/r/CasualUK/comments/bpfk1f/itt_pretend_youre_in_a_local_facebook_group/,1558028417.0,389,0.99,391,CasualUK,MellotronSymphony
bpepzt,Driving from Torcross to Dartmouth in Devon.,,https://i.redd.it/p2gqsaujoly21.jpg,1558024289.0,168,0.99,6,CasualUK,Cleatus029
bpe7df,Ginsters are launching a vegan option!,,https://i.redd.it/7ua7cmm1hly21.jpg,1558021744.0,92,0.92,50,CasualUK,Skolia
bpdu3f,"Ok I'm at home today and out my window I heard the Nokia ""diddle lur dur, diddle lur dur, diddle lur dur duuurrr"" - and a guy answered it loudly with ""HELLO?!"".","I just wanted to yell really loudly ""I'M IN BELGIUM! NAH, IT'S RUBBISH!"".  But I didn't.",https://www.reddit.com/r/CasualUK/comments/bpdu3f/ok_im_at_home_today_and_out_my_window_i_heard_the/,1558019938.0,94,0.99,23,CasualUK,[deleted]
bpdoqr,So apparently you can review bodies of water on Google...,,https://i.redd.it/kep29cxe9ly21.png,1558019207.0,434,0.99,24,CasualUK,AbsolutelyKebab
bpdhgm,Summer Picnic,[deleted],https://i.redd.it/lcbg4fzh6ly21.jpg,1558018198.0,261,1.0,60,CasualUK,[deleted]
bpc5r2,Quality in Viz as usual,,https://i.imgur.com/wa5PXZS.jpg,1558011048.0,314,0.99,14,CasualUK,[deleted]
bpbtos,My cola bottles melted in the car.,,https://i.redd.it/gmwvwtg7fky21.jpg,1558009029.0,93,0.97,19,CasualUK,eurfryn
bpbs69,Nice try murderers,,https://i.redd.it/52nnybmheky21.jpg,1558008781.0,308,0.99,10,CasualUK,Jorarl
bpbqku,What key is the Tipping Point theme tune played in?,Be flat!,https://www.reddit.com/r/CasualUK/comments/bpbqku/what_key_is_the_tipping_point_theme_tune_played_in/,1558008502.0,55,0.96,22,CasualUK,fi-ri-ku-su
bpbo5s,‚ÄúWhat street?‚Äù Dont you mean...,,https://i.redd.it/kywpggsfcky21.jpg,1558008090.0,111,0.98,6,CasualUK,Titsbounty
bpbcq8,Behold! Lunch of the Gods. The fish finger crumpet sandwich...,,https://i.redd.it/dtazeglf6ky21.jpg,1558006074.0,186,0.91,82,CasualUK,annooonnnyyyyy
bpahxi,"How I spent my day yesterday, chilling out and reading in the sun up Glen Nevis in the surprisingly sunny Scotland.",,https://i.redd.it/hy3kvvtdnjy21.jpg,1557999665.0,59,0.95,6,CasualUK,MC936
bpaeej,A Penzance pirate,,https://i.redd.it/iv07t740ljy21.jpg,1557998864.0,75,0.96,9,CasualUK,BellaKaterina84
bpa1qi,The benefits of getting up early and arriving at work before everyone else arrives.,,https://i.redd.it/hky32ldubjy21.jpg,1557995800.0,382,0.97,58,CasualUK,PickleHarry
bp9xqp,"Would be worse the other way round, but still annoying",,https://i.redd.it/qjmwihqy8jy21.jpg,1557994813.0,103,0.98,32,CasualUK,faye_kandgay
bp9wh0,Come into a chemistry classroom to find this on the board,,https://i.redd.it/zrjd7mu28jy21.jpg,1557994518.0,9014,0.95,134,CasualUK,smirvaldavi
bp8zd9,Postman Pat must be charging Mrs Goggins a small fortune to have her ¬£7 teapot delivered by helicopter so its there in time for brunch with the vicar.,,https://www.reddit.com/r/CasualUK/comments/bp8zd9/postman_pat_must_be_charging_mrs_goggins_a_small/,1557986104.0,1415,0.98,125,CasualUK,alphacentaurai
bp3grz,Seagull been drinking my Stella again. Heard police sirens and then he came back looking like this.,,https://i.redd.it/6i3opfjavfy21.jpg,1557953895.0,117,0.98,8,CasualUK,tomkeys78
bp39p1,Casually browsing Facebook's market place when I came across these...,,https://i.redd.it/e047rtwmsfy21.jpg,1557953002.0,725,0.99,29,CasualUK,eillettobba
bp37fm,Keep up kids!,,https://v.redd.it/ql8xiq5prfy21,1557952731.0,163,0.99,3,CasualUK,sharksaresogood
bp2yk0,You need rock hard bread of almost liquid butter to spread it properly!,,https://i.redd.it/0p9wxnchofy21.jpg,1557951603.0,190,0.95,47,CasualUK,allthekos
bp292h,My mate just sent me this. He had the vision but lacked the execution,[deleted],https://streamable.com/ysf9h,1557948236.0,54,0.95,10,CasualUK,[deleted]
bp26gc,I thought cat theft was a made up thing.,,https://gfycat.com/GreatDescriptiveHammerheadbird,1557947895.0,89,0.96,24,CasualUK,iangroves
bp1gi2,Channel 4,,https://i.redd.it/lam9jri13fy21.jpg,1557944397.0,57,0.97,9,CasualUK,PostmodernistEraser
bp1f7l,Bloody seagull shat in a pint in the pub i'm in. Brilliant accuracy!,,https://i.redd.it/c8u6wvpi2fy21.jpg,1557944220.0,2325,0.98,99,CasualUK,memes-of-production1
bp0maf,It's taken some skillful long term planning and bribes (cake) but tomorrow I am on a 2 day course. Before the weekend. At a centre situated on the same road as I live. That finishes at 4pm. And I am on annual leave from Monday. Happy Holidays to Me!,,https://i.redd.it/jhm44nk9qey21.png,1557940363.0,138,0.95,15,CasualUK,big-mal
bp0hhk,Creds to Adam Higgins Facebook,,https://v.redd.it/fqvif4quoey21,1557939729.0,1364,0.98,42,CasualUK,TustinIsTheBest
bozotd,Not the cats,,https://i.redd.it/8pc49xeedey21.jpg,1557935886.0,140,0.99,16,CasualUK,jpg48
boz63u,"Not being able to buy 12.5g of tobacco has really messed it up for the ""only smoke when drinking"" guys","Is it really a positive though? Yeah.. i could not smoke but after a few on a Saturday night i want a couple and i don't wanna be the guy that poaches off others. For months i've ended up dropping money on 30gs when all i want is a handful of rollups on a Saturday night. I don't want to be dropping that much money on tobacco for it to lose its quality because it takes me a couple of months to smoke it (and who wants to bother with the whole potato peel or whatever it is people do).

Can't stand straights but even then, if 10 packs were still available it'd be super convenient. People who are gonna smoke are gonna smoke regardless so i don't see why they bothered doing this ****.",https://www.reddit.com/r/CasualUK/comments/boz63u/not_being_able_to_buy_125g_of_tobacco_has_really/,1557933343.0,60,0.79,85,CasualUK,throwmeaside56
boz029,Birmingham's Lord Mayor opens comedian Joe Lycett's new kitchen extension,,https://www.bbc.co.uk/news/av/uk-england-birmingham-48276732/lord-mayor-opens-joe-lycett-s-new-kitchen-extension,1557932503.0,104,0.96,7,CasualUK,iwishiwasnedstark
boyq71,"You: ""Mr Whippy"" Me, an intellectual:",,https://i.redd.it/cfwjx2hkzdy21.jpg,1557931121.0,341,0.98,15,CasualUK,Dunbarius
boxsq8,Who will be on their way to the countdown teapot today?,,https://i.redd.it/axo4q7xlkdy21.jpg,1557926087.0,103,0.99,22,CasualUK,ThaiBoxer09
boxpog,"I don‚Äôt want to brag, but I managed to do my entire big shop on the self service without a single ‚Äòunexpected item‚Äô. I think iv peaked",,https://www.reddit.com/r/CasualUK/comments/boxpog/i_dont_want_to_brag_but_i_managed_to_do_my_entire/,1557925605.0,85,0.92,30,CasualUK,kezzerb
boxglh,Some serious lies are being shattered in Bath today,,https://i.redd.it/ldmh1lbredy21.jpg,1557924121.0,611,0.98,37,CasualUK,Swampyfeet
box9s3,I‚Äôm on a semester abroad in Spain I asked for cheesy chips from a takeaway after a night out and was presented with this abomination.,,https://i.redd.it/7wrh6pjdbdy21.jpg,1557922984.0,71,0.85,37,CasualUK,Mottotta
box2ar,Never forget the time an over enthusiastic American woman tried to interview Robert Smith of The Cure,,https://www.youtube.com/watch?v=houFuiYrEi0,1557921695.0,85,0.96,14,CasualUK,down_vote_magnet
bowrdz,Found a relic of happier shopping times in Wales üò¢,,https://i.redd.it/12vut43q1dy21.jpg,1557919743.0,197,0.96,35,CasualUK,hantothet
boweg7,"Petition to change our national anthem to ""well I got a brand new combine harvester""",,https://www.reddit.com/r/CasualUK/comments/boweg7/petition_to_change_our_national_anthem_to_well_i/,1557917259.0,109,0.91,33,CasualUK,[deleted]
bowcj0,My friend spotted this dude sporting 15 jackets on southwest trains...,,https://i.redd.it/qu4ojfu5tcy21.jpg,1557916863.0,62,0.91,24,CasualUK,zzzzzz129
bovkdx,Bit sun and the Gateshead massive come out to play,,https://v.redd.it/o6wtzmtubcy21,1557911108.0,518,0.98,72,CasualUK,[deleted]
bov83v,Happy Birthday Jay 15th may bloody 1989,[deleted],https://i.redd.it/d0pl9mtq3cy21.jpg,1557908309.0,7597,0.94,282,CasualUK,[deleted]
bop4va,"Mark Corrigan, certified bad boy.",,https://v.redd.it/0s7jxhklz8y21,1557870903.0,432,0.97,38,CasualUK,Emileedeegs
boovad,Sunbathing in Manchester Piccadilly Gardens Circa 1955,,https://i.redd.it/yjzewodew8y21.jpg,1557869518.0,67,0.95,15,CasualUK,allthekos
booeth,Waiting to be seen in Southmead A&amp;E when this chap arrived,,https://i.redd.it/w67rio1jp8y21.jpg,1557867224.0,244,0.99,22,CasualUK,ttamimi
bonzjz,"Not gonna fit through there, mate.",,https://i.redd.it/lobyrnldj8y21.jpg,1557865140.0,408,0.98,14,CasualUK,NucleurWessles
bonlsb,It‚Äôs seems my uni library is sick of exam season more than the students are,,https://i.redd.it/6cipkrvzd8y21.jpg,1557863329.0,5285,0.98,362,CasualUK,epicninja5432
bomugr,It‚Äôs all kicking off on brand twitter,,https://i.redd.it/jzwvejrz28y21.jpg,1557859629.0,412,0.96,51,CasualUK,GoKillTheLights
bom9vm,The battle to get served in Wetherspoons,,https://i.redd.it/4sel1hnqu7y21.jpg,1557856854.0,1656,0.98,73,CasualUK,wh0remones
bom9r8,'Stir halfway through and re-cover',[deleted],https://i.imgur.com/hEj388y.jpg,1557856839.0,301,0.97,62,CasualUK,[deleted]
bom26c,"You're funny, Nutella",,https://i.redd.it/l3k062pir7y21.jpg,1557855791.0,94,0.94,14,CasualUK,chocolatefeckers
bom188,I said I‚Äôd buy my dad‚Äôs mate a drink for fixing my car and he asked for K Cider...I hope he‚Äôs booked a week off as of tomorrow,,https://i.redd.it/9odzagv5r7y21.jpg,1557855656.0,56,0.89,44,CasualUK,westham09
bologf,Big day today everyone! New kettle!!! A lot quicker and quieter üòç,[deleted],https://i.redd.it/50miknl2m7y21.jpg,1557853940.0,295,0.95,58,CasualUK,[deleted]
bollp0,Poor kid,,https://i.redd.it/42us0vqzk7y21.jpg,1557853575.0,6120,0.98,118,CasualUK,GingerJamiee
boj393,I‚Äôm sure r/CasualUK has a lot of love for my friends Greggs pasty cake! She‚Äôs super talented!,,https://i.redd.it/7xflkg7mk6y21.jpg,1557841342.0,2112,0.98,72,CasualUK,frankie_baby
boisq3,You're know you're in Yorkshire when the local supermarket has a whole freezer unit dedicated to Yorkshire puddings...,,https://i.imgur.com/5A0vkNL.jpg,1557839768.0,174,0.97,25,CasualUK,President-Nulagi
boir58,"Visited Knaresborough for the first time this week, lovely part of Yorkshire.",,https://i.redd.it/38u8kn23d6y21.jpg,1557839530.0,265,0.97,29,CasualUK,Maaatandblah
bohdwj,"At Sainsburys, this person had an almond croissant LOOSE in their basket. Madness!",,https://i.redd.it/prjndt7yq5y21.jpg,1557831380.0,91,0.95,33,CasualUK,lilSalty
boha5i,I just called a credit card customer service line and no word of a lie I was connected literally immediately with no waiting or silly on-hold music or anything. I'd scheduled an hour for that. What shall I do with all this spare time I now have?,[deleted],https://www.reddit.com/r/CasualUK/comments/boha5i/i_just_called_a_credit_card_customer_service_line/,1557830668.0,70,0.93,31,CasualUK,[deleted]
bogzyt,The Lords of Blenheim Palace ensuring the safety of the commoners.,[deleted],https://i.redd.it/kjyhhrabj5y21.jpg,1557828796.0,367,0.99,11,CasualUK,[deleted]
bogt63,Just a dog driving a Peugeot,,https://imgur.com/gallery/jOP7lqV,1557827471.0,121,0.97,13,CasualUK,shrek_the_all_star
bogczg,I can't quite believe how happy finding this in a southern super market has made me. It's been years since I've had it and it immediately took me back to being a kid. Bread. Who ever would have thought it.,[deleted],https://i.redd.it/ghaftehj55y21.jpg,1557824168.0,108,0.94,46,CasualUK,[deleted]
bofwa1,Salcombe looking good this morning,,https://i.redd.it/iq98wl3wu4y21.jpg,1557820584.0,99,0.97,9,CasualUK,AGeary
bofsc3,Looks like Iron Man has pursued other interests,,https://i.redd.it/czw4540es4y21.jpg,1557819742.0,281,0.95,42,CasualUK,TJOline54
bofksi,Weird 20p I found it says queen of Gibraltar on the back.,,https://i.redd.it/kzkh4g3tn4y21.jpg,1557818203.0,62,0.85,23,CasualUK,Daniel_the_dj
bof24s,Met this guy whilst taking the kids to Gulliver‚Äôs Kingdom. He raises so many questions...,,https://i.redd.it/7m1inwb3d4y21.jpg,1557814600.0,210,0.98,32,CasualUK,MrGabrielSyme87
boeuhr,Brighton beach is getting more confusing,,https://i.redd.it/dk8xfh2x84y21.jpg,1557813195.0,3055,0.98,145,CasualUK,rosseepoo
bo9x06,"Just witnessed a bloke drop a full box of eggs in Aldi carpark, then another bloke who saw it shouted 'I bet you weren't eggspecting that to happen!'",,https://www.reddit.com/r/CasualUK/comments/bo9x06/just_witnessed_a_bloke_drop_a_full_box_of_eggs_in/,1557784766.0,4943,0.97,136,CasualUK,Kerrypug
bo8lsa,"Poised to strike at its unsuspecting prey, this ambush predator can remain motionless for months on end",,https://i.imgur.com/DbB5Esv.png,1557778591.0,147,1.0,5,CasualUK,FuckCazadors
bo8gc6,My dad sent me this while in mid-Norfolk,,https://i.redd.it/wuby7gytb1y21.jpg,1557777900.0,1510,0.99,71,CasualUK,emailrob
bo7dyv,I had the audacity to park on the road in front of a person's house and get a note!,,https://i.imgur.com/cRWUbIB.jpg,1557772935.0,60,0.89,83,CasualUK,Fishamatician
bo6uag,"thanks a lot, sainsburys",,https://i.imgur.com/sEb9Z5a.jpg,1557770352.0,958,0.98,77,CasualUK,JD0GE13
bo6lpi,"My local spoons had no burger buns, no chips and limited salad, chicken on bread it is",,https://i.redd.it/wncaz992m0y21.jpg,1557769195.0,210,0.97,69,CasualUK,chickendippastripper
bo5zcx,"A pigeon was in the stairwell of the council building I work at, nobody cared to do anything, he now owns the stairwell",,https://i.redd.it/5ndn5lvfd0y21.jpg,1557766288.0,102,0.98,15,CasualUK,Lonewolfblitz
bo5srl,My grandma was about to take some 80 year old live ammunition to the charity shop,,https://i.imgur.com/DDIxVJd.jpg,1557765433.0,420,0.99,42,CasualUK,[deleted]
bo5fwv,Love popping to the shop to get some teabags and leaving with a Union Jack flag and a wig.,,https://i.redd.it/z4asbryt50y21.jpg,1557763730.0,71,0.93,8,CasualUK,svarthaxan
bo5e3l,The bay by Tintagel Castle. The seat of King Arthur and all his Knights of the Round Table...or so they say.,,https://i.redd.it/iujxvl7550y21.jpg,1557763498.0,275,0.99,34,CasualUK,AmbassadorLove
bo4wuu,"A beautifully sunny day in Port Isaac, Cornwall",,https://imgur.com/CC3Nnsj,1557761284.0,778,0.99,26,CasualUK,puppy2010
bo4izp,"Kestrel falcon enjoying the skyline from kitchen window, Royal Docks, London",[deleted],https://i.redd.it/z3dh24jz4xx21.jpg,1557759503.0,80,0.94,7,CasualUK,[deleted]
bo39xa,Anyone else tried Morrisons new range of Irish pasta?,,https://i.redd.it/0zk4wsuz9zx21.jpg,1557753025.0,5388,0.98,196,CasualUK,JontyFox
bo3578,Crewe attacked by giant spider...,,https://i.redd.it/0wp1j3cw7zx21.jpg,1557752316.0,137,0.96,14,CasualUK,bonster85
bo278k,When your house auditions for Clockwork Orange,,https://i.redd.it/cpjnut0kqyx21.jpg,1557746486.0,234,0.97,6,CasualUK,HiveMindLDN
bo1kxz,British Summer,,https://i.redd.it/pry2c7qddyx21.jpg,1557742053.0,252,0.97,24,CasualUK,sam_ill
bo1ep3,Eating healthier now it‚Äôs summer. I‚Äôve got my 5 a day sorted.,,https://i.redd.it/dzv82adh9yx21.jpg,1557740744.0,51,0.84,29,CasualUK,[deleted]
bo18yv,Jeremy Kyle Show taken off air after participant dies,,https://news.sky.com/story/jeremy-kyle-show-taken-off-air-after-participant-dies-11718958,1557739511.0,96,0.98,124,CasualUK,The_Duff
bo0sx8,Glorious weather on Great Gable yesterday; what‚Äôve you been up to?,,https://i.redd.it/0qd2wxlxuxx21.jpg,1557735921.0,206,0.98,47,CasualUK,pistrel
bo0afx,First goslings of the year on my commute this morning ü•∞,,https://streamable.com/1w9hj,1557731752.0,86,0.96,16,CasualUK,TheCleaver
bo099l,Google is celebrating Magnum's butler today.,,https://i.redd.it/jadxuc90ixx21.png,1557731522.0,114,0.94,19,CasualUK,euroclives
bo03hy,Cleaning out Mum's old freezer and found these relics,,https://i.imgur.com/oziJBUk.jpg,1557730375.0,210,0.96,71,CasualUK,sideone
bnzii4,Only in Morecombe,,https://i.redd.it/0mqz05tr1xx21.jpg,1557726042.0,8856,0.95,141,CasualUK,Mombo1212
bnyjd1,"Up on the moor yesterday, along an overgrown track, in the literal middle of nowhere",,https://i.redd.it/t9q1xglajwx21.jpg,1557719837.0,118,0.98,8,CasualUK,BellaKaterina84
bnvu9t,guy had a lifesize cardboard cutout of Paul Rudd at the pub tonight.,,https://i.redd.it/fph0g9pr9vx21.jpg,1557704519.0,58,0.97,7,CasualUK,TrashyCure
bnujhg,The uncapitalised B in the first line has been annoying me for 11 years now,,https://i.redd.it/q6iqgnnrnux21.jpg,1557697121.0,169,0.97,15,CasualUK,Floppy76
bnu1uh,I was one of the few children back in the 90's who got to speak to Otis on CBBC. He sent me this cool bag.,,https://i.redd.it/14y89g5xfux21.jpg,1557694509.0,105,0.97,12,CasualUK,[deleted]
bnu1dg,Dunno what Allan did but he‚Äôs not welcome in Aberystwyth any more...,,https://i.imgur.com/3tHFS4m.jpg,1557694440.0,457,0.99,45,CasualUK,bonzog
bntnmk,Your typical British Hoteliers,,https://i.redd.it/og94td0u9ux21.jpg,1557692433.0,1121,0.96,76,CasualUK,allthekos
bnswif,It was a lovely sunny day in Norfolk today,[deleted],https://i.redd.it/nd4mgplxytx21.jpg,1557688778.0,244,0.99,18,CasualUK,[deleted]
bnsu04,I'm 39.,,https://imgur.com/a/jYRUJMx,1557688444.0,497,0.95,37,CasualUK,FastMoses
bnsj2s,Nice little surprise extra in my Discos today,,https://i.imgur.com/EnoGfDY.png,1557687045.0,92,0.91,10,CasualUK,[deleted]
bns5zb,This cafe serves a pint of tea for ¬£1.75,,https://i.redd.it/jplwyvebotx21.jpg,1557685272.0,148,0.93,71,CasualUK,AntiSocialMackerel
bnrf03,British wrestling isn‚Äôt dead. Look at this fine specimen. Chavtastic.,,https://i.redd.it/nxleeq86dtx21.jpg,1557681449.0,261,0.98,42,CasualUK,tinlid5171
bnr7ql,"Crap quality because I filmed it off the telly, but here‚Äôs my dad doing a victory roll in the spitfire",,https://v.redd.it/x5h615q2atx21,1557680448.0,278,0.97,15,CasualUK,i_see_frogs
bnr76a,Spotted this in Edinburgh today,,https://i.redd.it/xcaq7kjy9tx21.jpg,1557680372.0,57,0.95,4,CasualUK,lspaceband
bnqjk2,Nurf gun youth club update: this guy delivered on his word.,,https://i.redd.it/vvkml1sxzsx21.jpg,1557676998.0,196,0.98,15,CasualUK,ManILoveFarming
bnqgsm,Dartmoor was absolutely rammed today,,https://i.redd.it/uq2fc5grysx21.jpg,1557676604.0,236,0.99,14,CasualUK,AntiSocialMackerel
bnq6gv,I've creeped out Louis Theroux on twitter..,,https://i.redd.it/3yljsxd6usx21.jpg,1557675064.0,205,0.98,22,CasualUK,antbonc
bnpme9,Todays Funniest Fixture,,https://i.redd.it/fxpasmnqksx21.jpg,1557671886.0,686,0.98,13,CasualUK,spingledoink
bnpilw,"Beautiful shells all over Fenella beach, Peel, Isle of man",,https://i.redd.it/64jzxjb8hsx21.jpg,1557671233.0,50,0.96,6,CasualUK,EarlGrey_T
bnpgip,My local hospital felt like it had to tell me this...,,https://i.redd.it/jtiatoiohsx21.jpg,1557670880.0,85,0.95,14,CasualUK,alexbb721
bnp91f,"""Home Sweet Home"" - beautiful hand-painted canvas found in my local charity shop, only ¬£1",,https://i.redd.it/nzahh30ydsx21.jpg,1557669644.0,275,0.98,42,CasualUK,KarenFromAccounts
bnp7ta,English,,https://i.redd.it/ufkifo9hdsx21.jpg,1557669445.0,166,0.96,11,CasualUK,Rich7469
bnohuy,Ainsley Harriot demonstrating the noise that a car with engine trouble makes through his own laugh.,,https://v.redd.it/cnsvgx7wyrx21,1557664600.0,154,0.98,2,CasualUK,RassilonsWrestling
bnohat,"I saw the sign, and it opened up my eyes",[deleted],https://i.redd.it/82b6xjroyrx21.jpg,1557664473.0,128,0.99,15,CasualUK,[deleted]
bnodpx,This fab bin,,https://imgur.com/guwwflp,1557663708.0,159,0.98,5,CasualUK,stevierar
bnocz8,I mean... I have questions Tesco...,,https://i.redd.it/cx51izbwvrx21.jpg,1557663532.0,190,0.97,10,CasualUK,djfishstik
bno8fk,"Not a problem for me, but a problem for a blind person right?",[deleted],https://i.redd.it/mwbn2vjusrx21.jpg,1557662539.0,121,0.98,33,CasualUK,[deleted]
bno5w5,Spiderman had a bad night in Nottingham,,https://i.redd.it/ru9wq229rrx21.jpg,1557661976.0,80,0.96,5,CasualUK,KevinChrist
bnnycq,An 'eel' at the Brighton children's parade,,https://i.redd.it/a1siq611mrx21.jpg,1557660213.0,223,0.98,19,CasualUK,Ls6bn2
bnnwr5,It‚Äôs all heating up in Flat 52‚Äôs search for the parcel,[deleted],https://i.redd.it/z0d4oviskrx21.jpg,1557659803.0,94,0.98,7,CasualUK,[deleted]
bnnq3d,Special returns offer at the local tesco,,https://i.redd.it/e2edtqxxfrx21.jpg,1557658167.0,190,0.99,11,CasualUK,wherepops
bnn5br,When you embrace your rival on the opposite side of the road. In Blackpool of course.,,https://i.redd.it/8cdhwer20rx21.jpg,1557652831.0,75,0.97,8,CasualUK,Cosmo1984
bnmye8,"I love living in the Lake District. Especially on days like this. Loweswater, Cumbria.",,https://i.redd.it/pogh1wdnuqx21.jpg,1557651009.0,231,0.98,6,CasualUK,UnexpectedGuest_
bnmu2v,Test Card F - still the creepiest thing ever shown on TV screens,,https://i.redd.it/hwrltlz4rqx21.jpg,1557649825.0,184,0.97,65,CasualUK,KimF29
bnhssx,"My grandmother gave me some old, but in perfect condition ¬£1 notes, with consecutive serial numbers :)",,https://i.redd.it/09v048x9qnx21.jpg,1557613219.0,219,1.0,30,CasualUK,JayenIsAwesome
bngm7c,This has to be the most British reaction ever.,,https://i.redd.it/p0k2bvsd6nx21.jpg,1557606526.0,84,0.97,5,CasualUK,mrssupersheen
bngexl,Better half made me a huge caterpillar cake for my birthday last week. All I've eaten this week is cake.,,https://i.redd.it/cy2j6b333nx21.jpg,1557605417.0,76,0.96,11,CasualUK,[deleted]
bng86u,"Found a 20 year old packet of ""Cheese and Owen"" crisps today when digging up the garden",,https://i.redd.it/6lfly7330nx21.jpg,1557604406.0,375,0.99,68,CasualUK,NiceColours
bnfa9v,Very official notice to move my car for roadworks,,https://i.redd.it/0oiblsfzkmx21.jpg,1557599329.0,154,0.98,11,CasualUK,ystradfellte
bnf3fn,Google translate 100 100 100 to Welsh and get it to speak it out to you,,https://imgur.com/G0oe2zj.jpg,1557598325.0,415,0.97,43,CasualUK,nastybadger
bneznx,This question and answer I saw on a beard trimmer on Amazon,,https://i.redd.it/gqsts6vcgmx21.jpg,1557597772.0,7394,0.99,119,CasualUK,Jindabyne1
bnet95,Damn,,https://i.redd.it/fb0r82jidmx21.png,1557596816.0,597,0.99,46,CasualUK,leontywhistlehorse
bnemha,The ‚Äònew‚Äô KFC chips suck so much.,,https://i.redd.it/n43tderhamx21.jpg,1557595805.0,88,0.77,71,CasualUK,kurtanglesmilk
bne82m,First time visiting the UK. Edinburgh threw some brilliant weather on our way.,,https://i.imgur.com/SB7YfTK.jpg,1557593667.0,302,0.98,25,CasualUK,[deleted]
bne4rb,My arteries are thicker just from reading this,,https://i.redd.it/zwu4246o2mx21.jpg,1557593169.0,397,0.99,35,CasualUK,spinynorman1846
bne11m,Map of inhabitable zones of the UK,,https://i.redd.it/xyx1e9e5okx21.png,1557592616.0,769,0.99,41,CasualUK,ThiccBoiVibes
bndsca,"Apparently, last year TV Licensing visited an address every 6 seconds.",I bet whoever lives there was bloody sick of them.,https://www.reddit.com/r/CasualUK/comments/bndsca/apparently_last_year_tv_licensing_visited_an/,1557591327.0,217,0.97,62,CasualUK,[deleted]
bndna5,And the Shittiest Neighbour Award 2019 goes to...,,https://i.redd.it/12xno2oyulx21.jpg,1557590578.0,10621,0.94,456,CasualUK,danstirrat
bncxb3,If anyone‚Äôs missing a chicken and bacon sarnie you left it at Leicester Square underground.,,https://i.redd.it/d03i6x34jlx21.jpg,1557586604.0,1124,0.99,65,CasualUK,Vhsrex
bncfh3,Happy Buckfast Wine Day 2019!,,https://i.redd.it/2gwi0jjdalx21.jpg,1557583653.0,270,0.98,25,CasualUK,Skolia
bnc1uh,‚ÄúThe wee goes everywhere‚Äù,,https://i.redd.it/cmu6tkn33lx21.png,1557581250.0,1155,0.97,61,CasualUK,Variola13
bnbvsq,Just bought a bottle of lube off amazon (only place that sells this amazing stuff) came with a fucking pube on it what the fuck.,,https://i.redd.it/ubwlxu4zzkx21.jpg,1557580156.0,185,0.94,56,CasualUK,probably420stoned
bnbpcb,Fat balls....,,https://i.redd.it/9ed7pos8wkx21.jpg,1557578900.0,234,0.98,19,CasualUK,Sylocule
bnblr9,Interesting offers in this layby near Lancaster,,https://i.imgur.com/oXRQ6qE.png,1557578156.0,182,0.98,13,CasualUK,kenbw2
bnblbd,Seen outside a pub in London... the sad truth,,https://i.redd.it/kldxz20ptkx21.jpg,1557578064.0,118,0.9,4,CasualUK,CarloDS
bnbhf5,Don‚Äôt knock it until you‚Äôve tried it. Thoughts?,,https://i.redd.it/p368oe7grkx21.jpg,1557577289.0,864,0.91,211,CasualUK,DeadYen
bnb99f,Being Stuck Under a Drain Pipe Always Was an Amusing Experience.,,https://i.imgur.com/rYzACRO.jpg,1557575599.0,58,0.9,6,CasualUK,Roynerer
bnb3gj,The arches in Hintze Hall at the Natural History Museum in London have had monkeys on this whole time and I only noticed yesterday,,http://i.imgur.com/8DxUIYD.jpg,1557574261.0,58,0.97,5,CasualUK,satanspanties
bnav8w,"It's rather gloomy here in Yalding, Kent today. But it's still so gorgeous.",,https://i.redd.it/u2cmajrkckx21.jpg,1557572316.0,92,0.97,10,CasualUK,DailyEsportz
bnassv,Ruined memories,,https://v.redd.it/pjeuzl9sakx21,1557571715.0,243,0.95,17,CasualUK,punter1414
bnaspy,"A new, fun little spin off to Beadle‚Äôs about.",,https://i.redd.it/89c0f76takx21.jpg,1557571694.0,64,0.95,4,CasualUK,BenathonWrigley
bnahi1,"Eat the testers and pretend like you‚Äôre considering buying one, every single time",,https://i.redd.it/eg3pk2p83kx21.jpg,1557569155.0,72,0.94,12,CasualUK,DumbsAndDonuts
bnacve,Two tickets to from Glasgow to Leicester via Birmingham New Street on 14/05/19 at 10:00. PM me an address and I'll send them first class today. First come first served.,,https://i.redd.it/hmj0nj7dzjx21.jpg,1557568015.0,111,0.96,11,CasualUK,lpko908
bnab2p,Spoons ran out of poached eggs,"The woman came over and asked if we'd ordered anything with poached eggs because they'd run out, and we could switch to fried or scrambled eggs instead. This has been one of the more eye-opening Spoons breakfasts of my life.",https://www.reddit.com/r/CasualUK/comments/bnab2p/spoons_ran_out_of_poached_eggs/,1557567567.0,239,0.98,87,CasualUK,supaPILLOT
bna87r,York: Where even the bouncers wear tweed.,,https://i.imgur.com/aMbJwWb.jpg,1557566838.0,2172,0.99,115,CasualUK,loudribs
bna7cn,Norfolk might be very (very) flat but it's beautiful in its own way.,,https://imgur.com/iu0WJyU,1557566615.0,62,0.94,15,CasualUK,mojomuller
bna604,Well if the ‚Äúshoe‚Äù fits,,https://i.redd.it/n5goc2prujx21.jpg,1557566300.0,69,0.9,25,CasualUK,Magentaworld_
bn9few,"Here it is, folks! Even came wrapped in a BIN BAG! (What more did you expect?)... Next plan is to convert it to a lamp or something.",[deleted],https://i.redd.it/wuauhzm7ajx21.jpg,1557559387.0,6727,0.97,304,CasualUK,[deleted]
bn9cua,Visiting my parents and I come home to this monstrosity... I can't believe it's not I Can't Believe It's Not Butter,,https://i.redd.it/xmfp4a4a8jx21.jpg,1557558737.0,142,1.0,38,CasualUK,Nerdy_Gem
bn8i0u,A cat climbing a telegraph pole,,https://i.redd.it/hj09q0l8oix21.jpg,1557551998.0,80,0.97,20,CasualUK,[deleted]
bn88mz,"Taken on my morning jog, say Hi to Scotland everyone.",,https://i.redd.it/74aweorkiix21.jpg,1557550103.0,165,0.98,6,CasualUK,SecretSquirrel-88
bn5575,London,,https://i.redd.it/h74k3b3ntgx21.jpg,1557529598.0,312,0.98,32,CasualUK,ancient-column
bn4x3x,"We‚Äôve just discovered that we live walking distance from Bourne Wood, where the opening battle from Gladiator was filmed!",,https://i.redd.it/7dl99bpuogx21.jpg,1557528311.0,77,0.99,13,CasualUK,ron_mcphatty
bn4pa2,I've had a long week. I dedicate this to my co-worker.,[deleted],https://i.redd.it/5e3z1498mgx21.jpg,1557527110.0,197,0.98,3,CasualUK,[deleted]
bn47gn,Amazon rep clearly isn't British. They are making small talk with me.,,https://i.redd.it/y2gtmn36egx21.png,1557524431.0,223,0.98,26,CasualUK,AmenTensen
bn462x,"I don't know whether to laugh or cry. My EuroMillions ticket was not only one number away, but also the Millionaire Raffle too.",[deleted],https://i.redd.it/2kbligfodgx21.png,1557524229.0,52,0.93,9,CasualUK,[deleted]
bn44m2,Ice cream van art. Absolute nightmare fuel.,[deleted],https://i.redd.it/rg9mwvmycgx21.jpg,1557524008.0,57,0.94,14,CasualUK,[deleted]
bn3yh1,I found a 31 year old Marathon wrapper whilst walking the dog!,,https://i.redd.it/zznilcxaagx21.jpg,1557523094.0,182,0.99,32,CasualUK,Ultra_running_fan
bn33vf,Even in my thirties this is still easily the best part of a doctor's visit...,,https://i.redd.it/w8p06avsxfx21.jpg,1557518896.0,251,0.97,14,CasualUK,metalthunder84
bn33pv,"Questionable name - An old tobacconist, moving with the times",,https://i.redd.it/fwaux8pqxfx21.jpg,1557518876.0,54,0.92,3,CasualUK,SpacegirlMervin
bn30v5,"Just moved out with a mate, fun times ahead! Wish us luck aha!",,https://i.redd.it/s5hg4dlkwfx21.jpg,1557518488.0,112,0.93,36,CasualUK,CallyWallyWoo
bn2np4,"My Friday evening sorted, gonna stick The It Crowd on too",,https://i.redd.it/nwv3w74brfx21.jpg,1557516708.0,830,0.93,132,CasualUK,Tyjamsv2
bn2ecv,Classic!,[deleted],https://i.redd.it/5f6k0yljnfx21.jpg,1557515442.0,78,0.9,15,CasualUK,[deleted]
bn22i5,Makes you feel a little proud to be British.,,https://en.wikipedia.org/wiki/Battle_of_Bamber_Bridge#Background,1557513829.0,111,0.98,5,CasualUK,ddeetvaiill
bn172e,No foreign muck please,,https://imgur.com/mdyDMRg.jpg,1557509643.0,2839,0.99,95,CasualUK,tomross90
bn0swx,"Found on instagram, made me snort a bit",,https://i.redd.it/6tmx92pq0fx21.jpg,1557507772.0,1279,0.96,23,CasualUK,xHussain101x
bn0pfo,Walked around Lake Crafnant today. What a place üòç,,https://i.imgur.com/UayFKbf.jpg,1557507305.0,62,0.98,6,CasualUK,suexo
bmzm8d,This lady's living in 3019 taking the basket trolly... Home.,,https://i.redd.it/5llc20g5jex21.jpg,1557501856.0,132,0.92,11,CasualUK,Katierippe
bmzh5i,Love working Bradford,,https://i.redd.it/enf2ab0ygex21.jpg,1557501119.0,85,0.96,18,CasualUK,balaban86
bmyz2p,Day time telly never fails to disappoint,[deleted],https://i.redd.it/i5kio7ce9ex21.jpg,1557498577.0,522,0.95,71,CasualUK,[deleted]
bmysdn,"My wife says energy drinks are bad for you, Asda disagrees.",,https://i.redd.it/jbc4hm0e6ex21.jpg,1557497567.0,60,0.96,20,CasualUK,MyCalloutsAreGodly
bmy9s4,Genuinely never noticed Fruit Pastilles have little messages,,https://i.redd.it/jjwwldc2ydx21.jpg,1557494767.0,255,0.99,16,CasualUK,LosingAllYourDimples
bmy4fq,Toys r us selling women's clothes in Sunderland,,https://i.redd.it/ocrnq0emvdx21.jpg,1557493947.0,76,0.97,10,CasualUK,totallymintlike
bmy0b0,Tottenham fan apologizing to his wife ahead of the final,[deleted],https://v.redd.it/jk9imak8w6x21,1557493298.0,57,0.96,7,CasualUK,[deleted]
bmxmd1,Stuck on the M25 and have been trying to sing this correctly for a good ten minutes.,,https://i.redd.it/8dal0sevmdx21.jpg,1557491006.0,168,0.99,7,CasualUK,fuzzybat95
bmx4h1,Big shout to the NHS for being a true beacon of British greatness.,[removed],https://www.reddit.com/r/CasualUK/comments/bmx4h1/big_shout_to_the_nhs_for_being_a_true_beacon_of/,1557487840.0,95,0.96,16,CasualUK,[deleted]
bmx2nh,Primark is encouraging British people to wear socks with sandels üòë Oh dear.,,https://i.redd.it/s72zoq2fcdx21.jpg,1557487491.0,75,0.88,43,CasualUK,Hitchshot
bmwspi,Some interesting historical figures in this cafe,,https://i.redd.it/34555r0d6dx21.jpg,1557485465.0,134,0.98,14,CasualUK,Klopptomaniac
bmvx3k,RIP Freddie Starr,[deleted],https://i.redd.it/ncl61i9klcx21.jpg,1557478454.0,367,0.97,47,CasualUK,[deleted]
bmvn6t,American Express is a little behind with their ‚Äònew‚Äô partners,,https://i.redd.it/mzhzfpy6ecx21.jpg,1557475976.0,61,0.93,26,CasualUK,mechanical_banana
bmu6bq,I have found the best donut in the UK and feel morally obliged to share this info.,"Morrisons. 

It's Morrisons.

I know you're probably sitting there looking at your screen, thinking 'Morrisons, really?'

Yes, Morrisons donuts. 

The dough is so... springy.

The jam tastes like it's HD. 

**They use icing sugar instead of granulated sugar.**

I know.

I know what you're thinking. 

'Icing sugar on a donut, does that work?'

YES IT DOES.

Whatever you do today, I promise you your day will be made instantly better by ditching work / school / your responsibilities to society, and getting a pack of donuts from Morrisons. 

Which one?

IT DOESN'T MATTER, THEY'RE ALL GREAT. I'VE TRIED THEM ALL. 

(Raspberry tho)

Thank me later.",https://www.reddit.com/r/CasualUK/comments/bmu6bq/i_have_found_the_best_donut_in_the_uk_and_feel/,1557464398.0,122,0.9,86,CasualUK,dr_rainbow
bmpv61,All English European finals!,Dicks out lads.,https://www.reddit.com/r/CasualUK/comments/bmpv61/all_english_european_finals/,1557438854.0,85,0.89,62,CasualUK,Kee-Kong
la8zr7,I don't think there's enough signs for a 20m path closure..,,https://i.redd.it/hjqc25n7kwe61.jpg,1612201219.0,90,0.98,8,CasualUK,poke50uk
la8u9m,Open carry (UK style),,https://i.redd.it/hrr7lqa5jwe61.png,1612200859.0,88,0.95,10,CasualUK,jp2v
la7h5d,Checking AirBnB and found this. I'm dying to know the story behind it!,,https://i.redd.it/k60rls0u9we61.jpg,1612197653.0,384,0.97,57,CasualUK,Rushed89
la7gay,"Thank you United Kingdom and CasualUK, for an unforgettable 16 months and I hope we will cross our paths in the foreseeable future!","As many of you might have gathered, I have just graduated and on my way back home after my residence in the country officially ended! I studied for a masters in &lt;redacted&gt; Economy, and it was life changing, I have learnt a lot over these 12 months at Uni than I did in three years back home. Uni truly was a sensational experience and for those considering a degree, I'd recommend you start it when you can physically go into classrooms, the difference in the experience of online and on site learning are world's apart.

I have learnt a lot in these last 16 months, from everyone around me and the experience I have had here. I have never felt uncomfortable, racially or socially, and I have never felt left out.

I have had memories that will stay with me for a lifetime, I have walked the streets of London more times than I have walked my city back home, I was able to fulfil a lifelong dream of watching a premier league game live at Old Trafford, I loved the insane catalogs of everything I could possible want from Argos and Sainsbury and that Waitrose is for the posh! Cheesy Wotsits grew on me, so did the Bacon Double Cheeseburger, Terry's Chocolate Orange and Guinness, oh Guinness, I don't think I can go on in life without a pint of Guinness Stout every now and then.!

The lockdown was a bummer, no, actually the virus was a bummer, but between September '19 and March '20, I lived a lifetime of happiness and emotion. I was never active here but I have been subbed since I landed and constantly giggling and cracking up seeing some top quality stuff here (lurk all the time), and I'll continue to do the same. But I will miss being in the know, miss being on the inside jokes and miss taking a walk from Westminster to Tottenham Court Road every now and then. I have been around, I have met a lot of people but I have never experienced the same warmth and treatment as I got from you lot. I love the British sense of humour, it may not seem like much but I just absolutely crack open sometimes.

All in all, there was not a single moment where I stopped to think, ""I do not belong here"", most of the people I met said they never would have guessed I didn't spend my entire life here, you made it that comfortable for me.

Times are very tough right now, so I must leave, but I promise to be back, someday, because I have never felt home like I have felt it here, and I wish you all the best, with the pandemic and the new policies!

Love,

u/harshmangat.",https://www.reddit.com/r/CasualUK/comments/la7gay/thank_you_united_kingdom_and_casualuk_for_an/,1612197597.0,193,0.94,24,CasualUK,harshmangat
la79m0,A lovely little Stonechat I spotted while out walking.,,https://i.redd.it/631n6zub8we61.jpg,1612197147.0,115,0.98,4,CasualUK,Radwaymm
la6oht,Been going for a run with my daughter ever other day since new year and she got loads of support and praise from people we passed in the street. Genuinely made her day.,A an older gent on our estate started shouting ‚Äúyou‚Äôre a superstar!‚Äù At her and she was absolutely beaming. He said he‚Äôs seen us running and that him and his wife watch out for us in the morning. Up until that moment she hated running now she can‚Äôt wait to go out again.,https://www.reddit.com/r/CasualUK/comments/la6oht/been_going_for_a_run_with_my_daughter_ever_other/,1612195743.0,107,0.92,7,CasualUK,I_for_a_y
la5b91,Really satisfying month starting today.,,https://i.imgur.com/UrRc3KM.jpg,1612192478.0,92,0.97,17,CasualUK,Kryptonite_Pyro
la5ak0,School wasn‚Äôt this hard when I went.,,https://i.redd.it/ljtixssauve61.jpg,1612192429.0,52,0.93,29,CasualUK,yampidad
la53fo,I have been blessed,,https://i.redd.it/26ef3h1ssve61.jpg,1612191940.0,84,0.95,9,CasualUK,HolyWaffleCrusader
la50xu,The Power is in your Hands,,https://i.redd.it/n93gm44ejje61.jpg,1612191773.0,155,0.95,12,CasualUK,FuzzyLanguage4
la4vn3,"How to look good, if you can't see your own reflection in the mirror?",,https://v.redd.it/4krjt2enqve61,1612191422.0,53,0.88,20,CasualUK,FilmzieOfficial
la4v6u,"My French friend has lived in the UK for almost 3 years and has never been to Gregg‚Äôs. Obviously being British I just couldn‚Äôt let it go, so I got Gregg‚Äôs sausage roll delivered to his door. An hour later he sent me this.",,https://i.redd.it/32btr1c7rve61.jpg,1612191388.0,1559,0.97,204,CasualUK,l3mmmy
la4dkz,I may have found the source.,,https://i.redd.it/h7x014ranve61.jpg,1612190079.0,74,0.89,19,CasualUK,splateen74
la3l6q,I found a triple layered Bourbon biscuit in the packet!,[deleted],https://i.redd.it/n9oez5jlgve61.jpg,1612187823.0,648,0.97,59,CasualUK,[deleted]
la2f93,The well known mark of someone who spent too long checking their phone on the toilet,,https://i.redd.it/d0rcqr3l5ve61.jpg,1612184119.0,145,0.87,25,CasualUK,fyrflyeffect
la28k0,Do I have to take this abuse when buying vegetables?,,https://i.redd.it/9qlmww9b3ve61.jpg,1612183448.0,548,0.98,33,CasualUK,FuckCazadors
la1mpw,"When I were a lad, all we found was soggy pornos in the woods. How times change.",,https://i.redd.it/325jlz1rwue61.jpg,1612181147.0,59,0.96,46,CasualUK,biggedybong
la10ik,This happens every single time. I don‚Äôt understand. What am I doing wrong here?,,https://i.redd.it/1et19vzipue61.jpg,1612178718.0,71,0.87,29,CasualUK,Elvorenstein
l9zx6l,I'll take a punt that I'm not in the up-market part of town.,,https://i.imgur.com/u0nr3z2.jpg,1612174155.0,52,0.95,4,CasualUK,X4ulZ4n
l9zpb0,What was the stupidest game you played as a kid?,"Told this one before but here we are. I have no idea how this came about, I really don't remember. But a small number of us decided in Maths, that it would be great fun to use a compass (remember those pointy metal things that you'd use to draw a circle?) to stab each other with when the teacher wasn't looking. If you yelped in pain and the teacher stirred, you could *never* tell her about Compass. You would often find a small group of boys wandering out to lunch with bleeding wounds, another game of Compass fought well. I still bear a couple of scares 15 years on. What on earth was that about? What a *stupid* fucking game. 
 
Anyone else?",https://www.reddit.com/r/CasualUK/comments/l9zpb0/what_was_the_stupidest_game_you_played_as_a_kid/,1612173253.0,79,0.96,149,CasualUK,BigBeanMarketing
l9z2kv,Celtic Hill Forts of Britain and Ireland,[deleted],https://i.redd.it/55bzvr8vyqe61.jpg,1612170529.0,88,0.98,9,CasualUK,[deleted]
l9ykfs,365 Bargains in Nuneaton has left and removed their signs to unveil this creepy looking relic.,,https://imgur.com/RAnBXuE.jpg,1612168434.0,20621,0.96,516,CasualUK,26326312
l9y8rb,Absolute fucking catastrophe this morning,,https://imgur.com/eOqLAwR.jpg,1612167009.0,80,0.88,15,CasualUK,PentexProductions
l9xgbb,50 cent and the lads had a change of career,,https://i.redd.it/ue3kf56qgte61.jpg,1612163650.0,72,0.91,7,CasualUK,reece4999
l9sdtz,Absolute lad.,,https://i.redd.it/thml8dx6mke61.png,1612146046.0,87,0.95,8,CasualUK,Kevakazi
l9psyg,"After retiring from Greater Manchester Police, Gene decided to transition and try his hand at a television quiz show.",,https://i.redd.it/flzds7akcre61.jpg,1612138037.0,124,0.95,9,CasualUK,RyanL1984
l9pb1w,Lifes a bitch.,"December gave my family lots of lemons. My stepmother was diagnosed with dementia. My younger brothers partner was diagnosed with a secondary cancer,  prognosis...poor.  My youngest brother is now fighting his 3rd cancer,  this time it's lung cancer. He was 51 yesterday. The only silver lining is that we in the UK have universal healthcare.  My stepmother,  my brothers partner and my little brother will all get the best care there is. God bless the NHS.",https://www.reddit.com/r/CasualUK/comments/l9pb1w/lifes_a_bitch/,1612136555.0,71,0.95,12,CasualUK,Turbulent-Use7253
l9ok0z,Food Coma Alert!,,https://i.redd.it/epaztzue1re61.jpg,1612134321.0,113,0.97,8,CasualUK,IntelligentInsurance
l9mbsa,Two best friends,,https://v.redd.it/ia72swmsiqe61,1612128052.0,8929,0.99,134,CasualUK,What-do-you_mean
l9lnqq,"Being so far away from home in the US can be hard sometimes, but my parents sending me care packages filled with Sainsbury‚Äôs tea bags always makes me feel just a little bit closer!",,https://i.redd.it/cje5qicfdqe61.jpg,1612126226.0,112,0.94,25,CasualUK,EatYourWeetabix
l9ldiv,Getting back into drawing. Made this for a friend who likes Gogglebox.,,https://i.redd.it/w61scqn4bqe61.jpg,1612125452.0,249,0.94,18,CasualUK,Blondiewondie_
l9lcua,1st attempt at wood turning. Its a mushroon. Was really pleased with myself until every person i sent it to asked me if it was a butt plug or a sex toy.,,https://i.redd.it/z34f222zaqe61.jpg,1612125396.0,634,0.98,100,CasualUK,lozxena78
l9jdnm,That‚Äôll go lovely in my moussaka,,https://i.redd.it/lxrayepcvpe61.jpg,1612120141.0,263,0.98,42,CasualUK,ChuntyUK
l9jb6y,Had a snowball fight earlier. I was hit by Anon,[deleted],https://i.imgur.com/eMwtoM1.jpg,1612119970.0,71,0.92,0,CasualUK,[deleted]
l9j79p,"Locked down on my lonesome, what else to do but cook a fuck off roast beef?",,https://www.reddit.com/gallery/l9j79p,1612119694.0,6317,0.97,233,CasualUK,Waftmaster
l9j451,Tesco World Food manager to buyer ‚Äúorder some shit from Ghana‚Äù... ‚ÄúRighto boss!‚Äù,,https://i.redd.it/8z17j4udtpe61.jpg,1612119481.0,75,0.85,13,CasualUK,IcarusFlewOnce
l9j17l,A review on some massage oil from Ann Summers,,https://i.redd.it/zm5amyoqspe61.png,1612119264.0,629,0.96,16,CasualUK,mothermoonbird
l9izz4,One of the pics from our walk today in Cardiff. The old and the new.,,https://i.redd.it/ycrc373gspe61.jpg,1612119171.0,220,0.99,2,CasualUK,MaxRamsey
l9icbu,Quintessential.,[deleted],https://i.redd.it/k5icg7jdnpe61.jpg,1612117460.0,72,0.95,22,CasualUK,[deleted]
l9hyxm,I just found out that our bumblebees are in serious trouble,"Seeing bumblebees has always made me happy.  When I was a kid I would tell my mum if I spotted a big one in the garden; its furry bum wobbling through the air from plant to plant.

But  I went to an online talk and, if I remember correctly, they said that the UK has 25 types of bumblebee.   **Three are already extinct and 10 are endangered.**    (There are also threats to solitary bees too.)

Honeybees can fly for miles to get food, but bumbles might stick to a *single garden*.  So they really need as much plant life as possible.

There were lots of tips on how to protect bumblebees but the top two are the simplest and most important.

**Plant as many flowers as you can.** (Ideally from seed as garden centre flowers can have pesticides)  If you don't have space for flowers, you can plant herbs.

**Plant flowers that are different shapes and sizes.**  A bee with a short tongue can't get food from a longer flower, so mixing up types means there's more food for everyone.

Bees like yellow and pinky/purple flowers.  They can see them better.

Perennials are better than annuals - apparently the root system makes for richer food, or somesuch thing.

Wildflowers and hay meadow types are very good.

If possible try to plant native.

&amp;#x200B;

Anwyay, I'm not an expert but I didn't want to wait to share this.  Of course look into things yourself, but hopefully this is a good starting point.

Someone posted an AMA with a bee expert on a gardening sub :

[https://www.reddit.com/r/GardenWild/comments/cf68ho/dave\_goulson\_professor\_of\_bumblebees\_university/](https://www.reddit.com/r/GardenWild/comments/cf68ho/dave_goulson_professor_of_bumblebees_university/)",https://www.reddit.com/r/CasualUK/comments/l9hyxm/i_just_found_out_that_our_bumblebees_are_in/,1612116516.0,156,0.99,35,CasualUK,GentlemanJoe
l9hy0b,Not been out the house for a while so apologies if this question has already been asked. Do Woolworths and Blockbuster still have normal opening hours during lockdown?,,https://www.reddit.com/r/CasualUK/comments/l9hy0b/not_been_out_the_house_for_a_while_so_apologies/,1612116448.0,1888,0.97,148,CasualUK,loz18
l9hxp7,I just realised I've been using this comb which came free with a Just Seventeen magazine daily for almost 30 years.,,https://i.redd.it/ovk8jx8akpe61.jpg,1612116425.0,1182,0.99,86,CasualUK,smooshmonkey
l9hvlz,Motion activated,[deleted],https://i.redd.it/7n6k04vujpe61.jpg,1612116275.0,124,0.96,38,CasualUK,[deleted]
l9hg8r,Who else here likes to collect coins,,https://www.reddit.com/gallery/l9hg8r,1612115174.0,69,0.93,25,CasualUK,Nicromia
l9hef9,The terrifying remains of snow on my walk the other day,,https://i.redd.it/d8f2zro4gpe61.jpg,1612115041.0,124,0.97,10,CasualUK,namboozle
l9ghdn,Not like I'm going anywhere anyway.,,https://i.imgur.com/p6DVj6z.jpg,1612112586.0,2615,0.99,134,CasualUK,chuckzed
l9g6h5,Some bikes pulled out of the canal.,,https://i.redd.it/npx2pujg6pe61.jpg,1612111773.0,144,0.99,9,CasualUK,that-yorkshire-guy
l9fwao,Well thank goodness the BBC fixed this mistake,,https://i.redd.it/7128jsp54pe61.jpg,1612110998.0,244,0.98,10,CasualUK,goldenbearuk
l9fp9t,"Yaverland, Isle of Wight",,https://i.redd.it/llahh04k2pe61.jpg,1612110462.0,72,0.96,0,CasualUK,Absolewtely
l9fj4g,This ad comes up while me and my 7 year old niece are watching something. What the hell? How does YouTube let that happen,,https://i.redd.it/xtj7q6n41pe61.jpg,1612109980.0,178,0.95,107,CasualUK,aallillaa
l9fdys,I am a Medievalist and It it is my life's dream to go to England,"My name is Warwick and I am a 27 yr old American Male with English ancestary, who lives in Maryland. I work in Plumbing, but Medieval history is my life. I wanted it as my career, but I am working class and was unsure how I could afford it.

My favorite periods are Anglo-Saxon, 12th century and Hundred Years War. 1327 to 1453 is my favorite as it is the peak of chivalry. I am also really intersted in Henry I as he laid the foundation for Plantaganet England.

I am considering learning French and Latin to immerse myself into what it would be like to be a Medieval English noble. I already go to Latin Mass and I reccomend it if you have an interst in the Middle Ages. I am a huge English Ale enthusiast and Cask is one of the best drinking experiences I have ever had. I also like Mead and Wine.

My plans are not set in stone, but I want to see Avalon (Glastonbury Tor), Canterbury Cathedral (Edward of Woodstock's effigy) and Durham (Battle of Neville's Cross). 

I enjoy Maryland and while we do have good ale, nature and churches here I still dream of England daily. If I some how, by God's grace make it far enough in Plumbing to make my skill marketable enough to one day live in England, then my life will be complete.

I would love to talk to anyone here and you are free to message me.",https://www.reddit.com/r/CasualUK/comments/l9fdys/i_am_a_medievalist_and_it_it_is_my_lifes_dream_to/,1612109568.0,138,0.84,117,CasualUK,[deleted]
l9f77u,"also laughing whenever you sung ""I was cold, I was naked, were you there, were you there?""",,https://i.redd.it/tsuzxmp5yoe61.png,1612109045.0,24368,0.94,1447,CasualUK,n0smig
l9e1cn,Llandudno goats have descended yet again! (had to delete and reupload),,https://v.redd.it/9fo2zs2r8ne61,1612105673.0,458,0.99,17,CasualUK,danthemanic
l9drzf,Platform 7 3/4,,https://i.redd.it/4mv3upy3eoe61.png,1612104933.0,118,0.96,3,CasualUK,Shnoochieboochies
l9dlyo,Old vs New: HMS Illustrious in Rosyth for the naming ceremony of HMS Queen Elizabeth in 2014,,https://i.redd.it/i3ydu6v4koe61.jpg,1612104264.0,69,0.92,7,CasualUK,MGC91
l9dkmf,Why have I learnt about these only now?,,https://i.redd.it/nbna21msjoe61.jpg,1612104150.0,58,0.83,26,CasualUK,[deleted]
l9co1g,First English breakfast tray bake. Proper lush.,,https://i.redd.it/opu7xhfsaoe61.jpg,1612101120.0,220,0.93,34,CasualUK,rabid-clanger
l9cbrk,Some of you may have preconceptions of my hometown of Grimsby. These photos I took of the docks will do nothing to change those preconceptions.,,https://imgur.com/a/ccMDfBC,1612099849.0,62,0.94,29,CasualUK,PhatBoiPhotos
l9c9ti,My perfectly peeled satsuma skin. Delicious.,,https://i.redd.it/2048i2ke6oe61.jpg,1612099645.0,185,0.93,17,CasualUK,PandosII
l9bnue,He looks like when you piss about with the settings on the mii maker,,https://www.reddit.com/gallery/l9bnue,1612097282.0,192,0.89,24,CasualUK,TheHedgehogRebellion
l9bdwc,I refused to make my daughter (9) lunch until she tidied her room. She ignored me and made her own lunch. I present: Ham on Crumpet.,,https://i.redd.it/obxun6hvvne61.jpg,1612096104.0,662,0.95,84,CasualUK,gingerbenji
l9a33a,Took a photo of the beautiful massive full moon in Scotland last night after a few vodkas . Follow me for more photography hints and tips .,[deleted],https://i.redd.it/6ykmbssoene61.jpg,1612090324.0,1951,0.98,90,CasualUK,[deleted]
l990hx,Cleethorpes Sunrise,,https://i.redd.it/kx29a20yzme61.jpg,1612085366.0,545,0.98,23,CasualUK,GuyFawkesChest
l98x5c,This is Huey. He arrived yesterday. He is a proper terror in a good way :),,https://imgur.com/dj8NiX7,1612084951.0,14612,0.93,207,CasualUK,RudePragmatist
l8nxe8,50p? I can remember a time when these things cost 20p. But I suppose that‚Äôs just inflation for you.,[deleted],https://i.imgur.com/KNAOiA2.jpg,1612020415.0,15642,0.95,543,CasualUK,[deleted]
l6gsvh,Worth a chuckle.,,https://i.redd.it/9kguzyypfyd61.jpg,1611787998.0,40601,0.96,128,CasualUK,WordSoupOfTheDay
l6fyv4,These need to make a comeback.. ü§ï,,https://i.redd.it/w2oefxz89yd61.jpg,1611785826.0,2404,0.98,144,CasualUK,Educational_Shape36
kg8jga,When people say British people have no culture. Me:,,https://v.redd.it/a00h5wo5l5661,1608387828.0,883,0.96,38,CasualUK,samcov
kg7d99,A moment of silence please,,https://i.redd.it/5wtwv1j980661.png,1608382977.0,111,0.93,26,CasualUK,ClydeinLimbo
kg7330,So it IS true!,,https://i.redd.it/atyu5mv235661.jpg,1608381711.0,891,0.98,20,CasualUK,JackB159
kg5ukl,"Double decker Pok√©mon bus spotted driving around The Circus, Bath. Destination says 'Galar'",[deleted],https://i.redd.it/spkslp7fk4661.jpg,1608375486.0,347,0.96,22,CasualUK,[deleted]
kg5qut,Good ol' British logic,,https://v.redd.it/ebz82veh94661,1608374925.0,380,0.96,30,CasualUK,yeetomatic1
kg5hbw,Where the hell is my dog? Checks garden.... Oh its okay he‚Äôs just practising his...boarding?,,https://v.redd.it/llbeozbud4661,1608373522.0,2023,0.99,43,CasualUK,NatashaLois
kg5e0p,"Christmas lights on a steam train in Hampshire, UK",,https://gfycat.com/shortdapperkudu,1608373005.0,1422,0.99,36,CasualUK,guy_you_met_online
kg4x5o,Bought this reindeer gravy boat to take round my Ma‚Äôs every year so that I can have my own personal gravy supply at Christmas dinner,,https://i.redd.it/dj475ps164661.jpg,1608370604.0,1102,0.98,69,CasualUK,andy1717
kg41am,You: üëÅüëÑüëÅ Hobbycraft:,,https://i.redd.it/yebk304lr3661.jpg,1608365746.0,4005,0.98,55,CasualUK,arazilla96
kg3l4i,Reminder that if you put a couple of beers in the freezer to cool down you will need to take them out at some point.,,https://i.redd.it/mckopgndk3661.jpg,1608363317.0,14655,0.95,698,CasualUK,featurenotabug
kfwa8y,Currently eating a Terry's chocolate orange that definitely isn't part of someone's Christmas present.,And it's absolutely not the second time I've had to replace it.,https://www.reddit.com/r/CasualUK/comments/kfwa8y/currently_eating_a_terrys_chocolate_orange_that/,1608333860.0,148,0.96,44,CasualUK,femmefuckall
kfuxe2,Got this gem after getting some haribos :),,https://www.reddit.com/gallery/kfuxe2,1608329582.0,289,0.93,34,CasualUK,5x1equals5
kfuva7,The British created inflatable armies to distract Germany away from Normandy preparations,,https://gfycat.com/felineyellowishhorsechestnutleafminer,1608329412.0,220,0.98,41,CasualUK,BigBeanMarketing
kftda5,A Currys advert from 1950 in my home town.,,https://i.redd.it/c6siy9bad0661.jpg,1608324609.0,92,0.98,23,CasualUK,Exemplar1968
kfs1uj,Couldn't think of a good Mercedes Fish pun,,https://imgur.com/szrle62,1608320376.0,118,0.94,18,CasualUK,Mrmyke00
kfru8k,I think he is lost...,,https://i.redd.it/ymjgc0ypyz561.jpg,1608319722.0,10815,0.98,261,CasualUK,Rockmart
kfrp2v,When you don‚Äôt check the junior marketing exec‚Äôs work,,https://i.redd.it/s4m56onexz561.jpg,1608319270.0,209,0.95,18,CasualUK,jamesn001002
kfpsad,My mate has been working in Newquay (the Cornwall one) for a few weeks now. He just brought me my Christmas present.,,https://www.reddit.com/gallery/kfpsad,1608313412.0,251,0.97,32,CasualUK,[deleted]
kfpcam,These are from my Dad. I'm 32yo....,,https://i.redd.it/94f5bmuybz561.jpg,1608312062.0,898,0.98,72,CasualUK,MouldyPingu
kfogbc,"Made a whopper of a discovery this morning, life changing. Fits perfectly.",,https://i.redd.it/a6xx2l9w3z561.jpg,1608309346.0,193,0.95,61,CasualUK,riotboys
kfo0id,Fucking animal,,https://i.imgur.com/nwNo2EP.jpg,1608307971.0,169,0.91,27,CasualUK,Chewbacker
kfnh82,Just some pictures from Kew Gardens. Enjoy.,[deleted],https://www.reddit.com/gallery/kfnh82,1608306264.0,260,0.96,16,CasualUK,[deleted]
kfn7hq,8 months ago my phone got snatched from my hand. Lost all hope In recovering it. Yesterday I woke up to this. Getting it back in one piece after police raided a house. Just a shoutout to London Met police and the work they do. This just made my Christmas!,,https://i.redd.it/gf5kekfbsy561.jpg,1608305451.0,794,0.97,100,CasualUK,Klinkist88
kfmzd6,I hit the jackpot. 6 bagels in the bag.,,https://i.redd.it/g7le6er2qy561.jpg,1608304705.0,413,0.96,34,CasualUK,yeetdameme
kfmpjm,Found a few fossils on my beach walk yesterday!,,https://www.reddit.com/gallery/kfmpjm,1608303807.0,155,0.99,7,CasualUK,pandaman901
kfm9nv,"Since you all loved my Santa Dad so much last time, here is his favourite photo. This was a couple of years ago and the lady has since passed away. But she loved a visit from Santa.",,https://i.redd.it/3rzik030jy561.png,1608302338.0,130,0.93,6,CasualUK,jodypody88
kfkgj7,"I‚Äôm considering getting a pet just so that I can have this legend of a pet sitter pose for a selfie with it, for his promotional material.",,https://i.imgur.com/44C36fU.jpg,1608295413.0,1716,0.99,46,CasualUK,rampant-hamster
kfjs64,"My granda, 94, getting the covid 19 vaccine.",[deleted],https://i.redd.it/ab2oc030qx561.jpg,1608292565.0,1028,0.95,58,CasualUK,[deleted]
kfjjbp,Shout out to my Dad whose Christmas list is a costed spreadsheet,,https://i.redd.it/zc48t1mv9x561.jpg,1608291348.0,705,0.98,105,CasualUK,rx_00
kfj07o,Anyone else here now in their late 30's/early 40's guilty of staying up late in the 90's to watch Euro Trash quietly?,And seeing those weird phone line adverts. I felt like I was being so naughty watching late night Channel 4 back then.,https://www.reddit.com/r/CasualUK/comments/kfj07o/anyone_else_here_now_in_their_late_30searly_40s/,1608288698.0,285,0.98,165,CasualUK,oRedDeadDano
kfilif,CasualUK Bingo Card,,https://i.redd.it/5v5felu78x561.png,1608286611.0,731,0.97,174,CasualUK,SquireBev
kfik4e,Tier 3 survival kit(ties),,https://i.redd.it/bjjwyewn7x561.jpg,1608286416.0,196,0.96,16,CasualUK,eskay233
kfibzv,My chat with Royal Mail turned very 'Grease' all of a sudden,,https://i.redd.it/71spuk3e4x561.png,1608285297.0,195,0.95,20,CasualUK,Nomerdoodle
bmpao4,"Going to Alton Towers on a miserable, grey Thursday...",,https://i.redd.it/d8bdamga39x21.jpg,1557435989.0,666,0.99,107,CasualUK,spacechickens
bmorng,Thought this place might appreciate a British classic. Sierra Cosworth!,[deleted],https://i.redd.it/545ltv6wv8x21.jpg,1557433503.0,350,0.97,78,CasualUK,[deleted]
bmojmt,Unfortunate door placement at the local glass warehouse,,https://i.redd.it/6o0rcldps8x21.jpg,1557432429.0,91,0.96,5,CasualUK,mattrflynn
bmn2u2,My first attempt at putting some roast beef in a big Yorkshire pudding,,https://i.redd.it/5izq4dpb78x21.jpg,1557425241.0,75,0.9,23,CasualUK,scottylebot
bmmvtx,"You in, luv?",,https://i.redd.it/g0p31njd48x21.png,1557424301.0,19943,0.96,355,CasualUK,KKranko
bmmjrk,You'd think at least some of these stories would make it into a proper newspaper...,,https://i.imgur.com/BOgzTWn.jpg,1557422624.0,58,0.9,21,CasualUK,trentonchase
bmm73k,They actually tweeted this,,https://i.imgur.com/qbL7izv.jpg,1557420865.0,394,0.99,26,CasualUK,Ji_2001
bmlunn,Blind Date sends two bisexual men to St Lucia... Where homosexuality is illegal,[deleted],https://www.huffingtonpost.co.uk/entry/blind-date-bisexual-couple-date-st-lucia-illegal_uk_5cd1779fe4b0548b735fd1f3,1557419171.0,199,0.99,10,CasualUK,[deleted]
bmlr7m,Job #1 of 250 on ‚Äòthe list‚Äô completed- built a rockery (in the rain),,https://i.redd.it/7pbanz3un7x21.jpg,1557418685.0,73,0.97,20,CasualUK,deadshikari
bmlqqj,I found a Mayan temple... in Felixstowe,,https://i.redd.it/j4z7ebcmn7x21.jpg,1557418625.0,154,0.97,20,CasualUK,[deleted]
bmlotr,"The Wensleydale Heifer, West Witton, Yorkshire.",,https://i.redd.it/gvdgtvuum7x21.jpg,1557418354.0,97,0.96,19,CasualUK,Dhorlin
bmk1a2,Just horsing around,,https://i.redd.it/p3jpgqg1x6x21.png,1557409685.0,162,0.99,22,CasualUK,Dr-Werner-Klopek
bmjkjq,"He‚Äôs 2, he never really understood that his favourite thing to watch was a Christmas thing. Today I buckled, shut the curtains and let him (us) go for it.",[deleted],https://i.redd.it/o0mr87kfp6x21.jpg,1557407120.0,148,0.93,40,CasualUK,[deleted]
bmjepl,"Heard a load of noise outside, saw this on the CCTV",,https://vimeo.com/334951127,1557406220.0,101,0.97,18,CasualUK,red23dotme
bmita9,PSA: Saturday 18th May is Eurovision 2019. Please join us for our most famous of annual events on this sub.,[deleted],https://www.reddit.com/r/CasualUK/comments/bmita9/psa_saturday_18th_may_is_eurovision_2019_please/,1557402667.0,136,0.96,65,CasualUK,[deleted]
bmijuu,"Receipt at an already overpriced restaurant in Leigh-on-Sea, Essex. Meal for 2. When I asked the waiter, he just shrugged and said ""Oh yeah, we need to fix that""",,https://i.redd.it/vdnr7af606x21.png,1557400939.0,205,0.96,172,CasualUK,HooksaN
bmieu7,X-post r/mildlyinteresting. Thought you guys might like this old Asda bag.,,https://i.redd.it/xfk2efmb46x21.jpg,1557400015.0,277,0.94,40,CasualUK,MyCalloutsAreGodly
bmi1kn,My best shot from RSPB Ham Wall a few weeks ago. Such beautiful creatures...,,https://i.redd.it/0ogh8eikv5x21.jpg,1557397459.0,5490,0.97,143,CasualUK,Dude4001
bmho1z,"BBC news - ""A royal burial site found between a pub and Aldi supermarket has been hailed as the UK's answer to Tutankhamun's tomb.""",,https://www.bbc.co.uk/news/uk-england-essex-48203883,1557394770.0,290,0.99,43,CasualUK,Lukerg
bmgryx,"Ah, the two other British attractions",,https://i.imgur.com/hBsKlVr.jpg,1557387226.0,173,1.0,16,CasualUK,I_AM_YOUR_MOTHERR
bmggvc,Neighbour out cutting down hedges.,"You're a decent bloke, but using a chainsaw before 8am is pushing the limit.",https://www.reddit.com/r/CasualUK/comments/bmggvc/neighbour_out_cutting_down_hedges/,1557384828.0,158,0.98,38,CasualUK,chaostunes
bmgch4,Looks like Buckfast marketing team got high on their own supply,,https://i.redd.it/jb3oshif51x21.jpg,1557383936.0,2190,0.97,156,CasualUK,blorg
bmcouu,Buttery biscuit base,,https://i.redd.it/vrsw19e3r2x21.jpg,1557359244.0,449,0.98,60,CasualUK,funkless_eck
bmcls8,I've just had the enjoyment of waving down a police van at a petrol station to tell them their payment card had been declined.,"Just picking up some late night supplies and the police were in front of me paying for fuel.  The payment didn't come back as declined until they had gotten back into the van and setting off.   The cashier asked somebody to stop them and I couldn't miss an opportunity like that.  

&amp;#x200B;

I enjoyed that more than I should have.",https://www.reddit.com/r/CasualUK/comments/bmcls8/ive_just_had_the_enjoyment_of_waving_down_a/,1557358758.0,209,0.98,24,CasualUK,Hoolander
bmbje8,Why do they even have those? (OC - u/tomzadi @ r/DunderMifflin),,https://i.redd.it/5lllo1ea82x21.jpg,1557353142.0,695,0.98,59,CasualUK,Zioman
bmau2b,Oh dear indeed.,,https://v.redd.it/ivlhcrgjy1x21,1557349661.0,1373,0.99,53,CasualUK,bexwhitt
bmatao,All UK Champions League Final,Two of the best comebacks in champions league history leading to a Liverpool v Tottenham final. Bloody well done lads!,https://www.reddit.com/r/CasualUK/comments/bmatao/all_uk_champions_league_final/,1557349564.0,66,0.85,36,CasualUK,koko701
bmapha,Found this in the depths of my garage.,,https://i.redd.it/5gor3nesw1x21.jpg,1557349070.0,112,0.95,22,CasualUK,asteroid-hunter
bma2ij,"So how's everyone enjoying British 4th Winter? Fingers crossed for a white summer, eh?",,https://i.redd.it/det54qafn1x21.jpg,1557345959.0,61,0.95,9,CasualUK,iquimo
bm9ua0,"Outboard motor stolen from rescue boat, Hampshire. Type: Mercury F40ML.",,https://i.redd.it/5rfq3je5k1x21.png,1557344863.0,75,0.93,12,CasualUK,Mr_R_Andom
bm9rpk,Off the chain banter in Lyme Regis...,,https://i.redd.it/p7mstey9j1x21.jpg,1557344516.0,81,0.96,4,CasualUK,Fd46692
bm92je,‚ÄúScottish‚Äù pub in Stockholm,,https://i.imgur.com/V1CuVsJ.jpg,1557341137.0,130,0.99,40,CasualUK,DylanP93
bm8tw8,"Austrian in Prague having English breakfast. What do you, the experts, say?",,https://imgur.com/HKNEZjF,1557339952.0,73,0.94,54,CasualUK,ScreaminGeorgeDorn
bm8fi7,"Wish me luck, I'm going in!",[deleted],https://i.redd.it/4v0x9eyzz0x21.jpg,1557338030.0,54,0.89,59,CasualUK,[deleted]
bm8esr,"Move over, 25% of this bed is mine!",,https://i.imgur.com/vd5wJEU.jpg,1557337935.0,95,0.99,49,CasualUK,[deleted]
bm89a1,Phantom pothole penis painter on the prowl in Coventry,,https://i.redd.it/9bn0vq3lx0x21.jpg,1557337219.0,380,0.99,20,CasualUK,targus_targus88
bm7cne,I‚Äôve bought my youth club a ton of second hand nurf guns from Gumtree. Can‚Äôt wait for tonight. I had to remove the huge longbow snipers....,,https://i.redd.it/zzrxzl4mk0x21.jpg,1557332858.0,295,0.98,40,CasualUK,ManILoveFarming
bm6xc7,Prince Archie waves from Buckingham palace,,https://i.redd.it/574iyjaie0x21.jpg,1557330799.0,8220,0.98,193,CasualUK,uuuuuuuhhhhh
bm6sq0,This adorable doggo was on my train home.,[deleted],https://i.redd.it/cl20gv1jc0x21.jpg,1557330138.0,56,0.78,14,CasualUK,[deleted]
bm6i9z,Went up to high force at the weekend. Very scenic despite the rain,,https://i.redd.it/3to8kd4880x21.jpg,1557328689.0,51,0.98,4,CasualUK,Meat-beater-mitch
bm6hpl,Ran into a bit of bother on the way home,,https://i.redd.it/hqww8wrz70x21.jpg,1557328612.0,303,0.99,34,CasualUK,Lullabuzzard
bm6b9g,Just found this lovely radio station what a hidden gem,,https://i.redd.it/xhd6fjkb50x21.jpg,1557327711.0,135,0.97,21,CasualUK,AntiSocialMackerel
bm6294,Apparently a couple of bags of Tetley makes up for two weeks of noise,[deleted],https://i.imgur.com/vF5g9N4.jpg,1557326389.0,202,0.93,51,CasualUK,[deleted]
bm5lv5,"Todays the day the 69 plate registrations are released... following on from the last post about them, someones beaten me to BJ69 PLS. Gutted.",[deleted],https://www.reddit.com/r/CasualUK/comments/bm5lv5/todays_the_day_the_69_plate_registrations_are/,1557323982.0,89,0.94,34,CasualUK,[deleted]
bm563c,HPB after 4 tins of K Cider,,http://i.imgur.com/XcyrPmv.gifv,1557321493.0,105,0.97,17,CasualUK,arabidopsis
bm4qt7,Why does every pedestrian crossing seem to begin and end in a puddle?,,https://i.redd.it/2ze57xrtezw21.jpg,1557318998.0,213,0.97,41,CasualUK,vbloke
bm4qfl,"Half way back down Ben Nevis 05/05/2019 - The clouds lifted, and wow!",,https://i.redd.it/y3sea108fzw21.jpg,1557318935.0,52,0.92,10,CasualUK,TheWanderingEyebrow
bm4dpo,Sign in Essex,,https://i.redd.it/g009dmwz8zw21.jpg,1557316839.0,474,0.98,36,CasualUK,rupert9bear
bm45ci,"Gelt Woods, Carlisle! Beautiful walk!",,https://i.redd.it/sdropdic4zw21.jpg,1557315337.0,55,0.93,3,CasualUK,UnpreparedSugar
bm40n5,My mum just gave me ten grand.,[deleted],https://www.reddit.com/r/CasualUK/comments/bm40n5/my_mum_just_gave_me_ten_grand/,1557314467.0,54,0.95,198,CasualUK,[deleted]
bm3u92,Thank You r/CasualUK!,,https://i.redd.it/v6jbnkjfyyw21.jpg,1557313285.0,12466,0.95,196,CasualUK,Shinudeiru
bm3p40,"Saw this in the doctors surgery, made me chuckle in my poorly state",,https://i.redd.it/8a233hbdvyw21.jpg,1557312257.0,90,0.92,6,CasualUK,Betty6911
bm3fuq,"I just bought a T-shirt, WTF!!",,https://i.redd.it/mqfyywy9pyw21.png,1557310239.0,119,0.94,30,CasualUK,Matt6453
bm3e9b,And I thought I was lazy.,,https://i.imgur.com/V31dVn6.jpg,1557309873.0,821,0.99,60,CasualUK,cubbish
bm28y3,Current work debate,"So! Recently in work we've been having a debate regarding breakfast foods and I brought up beans on toast.

Basically 90% of my office thinks beans on toast ISN'T a breakfast food but I think otherwise so I thought I'd get CasualUKs opinion (even though you're in big beans pocket)",https://www.reddit.com/r/CasualUK/comments/bm28y3/current_work_debate/,1557300099.0,68,0.96,89,CasualUK,Sgt_major_dodgy
bm093o,English schools website filters in a nutshell,,https://v.redd.it/ss94e2jcnww21,1557285378.0,213,0.97,56,CasualUK,AirIrish2
blxl8k,Happy 50th mate,,https://i.redd.it/n9mr0b90evw21.jpg,1557270095.0,407,0.98,20,CasualUK,DINO_S0RE
blwfug,BBC Two last aired The Simpsons 15 years ago today,,https://youtu.be/1Be5KaMHSwU,1557264255.0,109,0.98,19,CasualUK,TheRealChristoff
blwcmh,This is what football is all about (I‚Äôm not a Liverpool fan),,https://i.redd.it/5ba5s54cvuw21.jpg,1557263818.0,54,0.83,24,CasualUK,iblametheparents86
blw8ln,Male Toilets in a St Andrews Pub,,https://i.redd.it/8yzzv13qtuw21.jpg,1557263275.0,73,0.93,16,CasualUK,mark7183
blul58,"Are you even from the UK if you didn‚Äôt spend time as a kid, dreaming up ways to get on *You‚Äôve Been Framed* and copping that sweet sweet ¬£250?",,https://www.reddit.com/r/CasualUK/comments/blul58/are_you_even_from_the_uk_if_you_didnt_spend_time/,1557255289.0,250,0.96,28,CasualUK,RIPMyInnocence
blucvp,Literally every time,,https://i.redd.it/yxgutzim2uw21.jpg,1557254161.0,14968,0.97,217,CasualUK,mirnes_s01
bltxat,23 have claimed all the bins overnight!,,https://i.redd.it/4xhul8kfwtw21.jpg,1557252081.0,278,0.99,39,CasualUK,duke-of-bore
bltwux,I was looking for a therapist to get some help. This certainly cheered me up a bit.,,https://i.imgur.com/qNQksVc.png,1557252025.0,161,0.97,8,CasualUK,ProbablyNotDave
bltda3,What happened to quality TV?,,https://i.redd.it/o97hveteotw21.jpg,1557249382.0,1080,0.98,77,CasualUK,wardrobe13
blt7jo,Well,,https://i.redd.it/b8frsih9vrw21.jpg,1557248620.0,210,0.99,35,CasualUK,[deleted]
blsqbr,Apparently there‚Äôs a wormhole between Wigan Wallgate and Wigan North Western,,https://i.redd.it/50wrbg59ftw21.jpg,1557246301.0,143,0.98,11,CasualUK,Wolard
blr1fi,Bucket list ticked. Climbed a mountain! Lake District,,https://i.redd.it/6w6nt2bepsw21.jpg,1557237609.0,76,0.95,13,CasualUK,samjgrover
blqqha,Now I want to meet the cats to see how much of a likeness there is,,https://i.redd.it/utf6hd49ksw21.jpg,1557235877.0,80,0.99,2,CasualUK,ronahc
blqerw,What are the most annoying ads on TV?,"Personally I hate those Vodafone ones with Martin Freeman.  He tries to do this awkward/cocky Gervais thing and it just falls flat.

Also those Nationwide poem ones.  Fuck off.",https://www.reddit.com/r/CasualUK/comments/blqerw/what_are_the_most_annoying_ads_on_tv/,1557233997.0,102,0.99,212,CasualUK,SpookyLlama
blqeqq,"First time in Lake District and the area screamed Middle Earth to me. It also reminded me of my home country of NZ, such a beautiful area!",,https://i.redd.it/pgjuw84nesw21.jpg,1557233990.0,112,0.97,10,CasualUK,[deleted]
blprpb,Just mowing the lawn and spotted this four leaf clover :) üçÄ,[deleted],https://i.redd.it/makajnnr2sw21.jpg,1557230012.0,135,0.99,22,CasualUK,[deleted]
blpkkg,"Was debating whether to have a few more drinks or not and looked down to see my pint winking at me. I had no choice really, the almighty beer gods chose me.",,https://i.redd.it/vxnomxgtyrw21.jpg,1557228687.0,271,0.97,21,CasualUK,[deleted]
bloq5b,What makes you irrationally angry?,[deleted],https://www.reddit.com/r/CasualUK/comments/bloq5b/what_makes_you_irrationally_angry/,1557222421.0,72,0.93,353,CasualUK,[deleted]
blokm5,Anyone like vintage vehicles? A few photos from the Ipswich to Felixstowe rally the other day.,,https://imgur.com/a/SHd6yiU,1557221187.0,52,0.99,15,CasualUK,featurenotabug
bloh6d,We hiked to the top of Mt. Snowdon yesterday. Sometimes I forget how nice the UK actually is (or can be!).,,https://i.redd.it/ets6ghs9arw21.jpg,1557220415.0,57,0.92,15,CasualUK,feedmesteak
bloa8q,This country's pretty alright when it isn't raining.,,https://i.redd.it/9mskd0eh5rw21.jpg,1557218827.0,11419,0.96,274,CasualUK,serac145
blo0r8,Classic Sainsbury's,,https://imgur.com/Ve4v07G.jpg,1557216470.0,1420,0.99,39,CasualUK,[deleted]
bln1xf,Extremely classy medieval art (mildlynsfw) in Herefordshire.,,https://i.redd.it/4zjxncyvaqw21.jpg,1557208522.0,149,0.99,15,CasualUK,AF_II
blkq2r,"Following a similar post, my Dad fulfilling a life goal of flying a Tiger Moth last year at the grand old age of 75 whilst battling cancer. He kicked his bucket lists arse before passing on. RIP, I miss you everyday mate.",,https://i.redd.it/imdwpq3v1pw21.jpg,1557193375.0,2879,0.98,58,CasualUK,AdoptedontheSly
blkepl,Classic British park,,https://i.redd.it/jo9a3xgq8mw21.jpg,1557191528.0,53,0.95,12,CasualUK,Algardo
blikb8,Deal Or No Deal got a bit intense this weekend..,,https://i.redd.it/odzgo4ir1ow21.jpg,1557181261.0,237,0.98,7,CasualUK,Ollymid2
blidgz,not all heroes wear capes,,https://i.imgur.com/lJ4M1lP.gifv,1557180252.0,272,0.88,39,CasualUK,Sheriff_Rick_Grimes
bli5f6,Does anyone remember these from a few years ago? They were amazing but you can't seem to get them any more..,,https://i.redd.it/s9srhpp7vnw21.jpg,1557179027.0,177,0.93,39,CasualUK,allthekos
blhwhi,"Sunset last night in Heacham, Norfolk",,https://i.imgur.com/Dc6Wazd.jpg,1557177794.0,176,0.97,14,CasualUK,chelseasaints
blhsmd,"There's a pub in Devon, serving one single beer, that's been run by the same woman for more than 70 years and is virtually unchanged.",[deleted],https://www.devonlive.com/news/devon-news/unique-devon-pub-serving-just-2829860,1557177269.0,176,1.0,33,CasualUK,[deleted]
blh15u,Go visit Bletchley Park:) lovely day out.,,https://i.redd.it/o0fvv3q1fnw21.jpg,1557173592.0,62,0.94,23,CasualUK,100fluffyclouds
blgntc,"Why co-op, why?",,https://v.redd.it/ku51wr5d6nw21,1557171766.0,330,0.92,62,CasualUK,MrJelly90
blgh92,Had a good chuckle in Newark today,,https://i.redd.it/yllwuqvo6nw21.jpg,1557170838.0,3869,0.97,57,CasualUK,Mr-Mike-and-his-hat
blg7y8,Had to go buy some. It's amazing!,,https://i.redd.it/8bbj91t03nw21.jpg,1557169550.0,75,0.97,27,CasualUK,DreddPirateBob4Ever
blfsux,Another of those ‚ÄòDo It For More‚Äô deals at B&amp;Q!,,https://i.redd.it/ibhk8fdswmw21.jpg,1557167451.0,378,0.99,17,CasualUK,original_subliminal
blfpp0,This Hulk Plush looks like Ant McPartlin,,https://i.redd.it/m6bfdg6yumw21.jpg,1557167021.0,2340,0.98,49,CasualUK,b1000
blfgqo,"3 days off, 3 fry-ups.",,https://imgur.com/a/2XHCZYu,1557165789.0,52,0.94,16,CasualUK,TheGreatBatsby
blexh0,"My dad got to fly in a spitfire today, the culmination of a lifelong dream since he sat in one as an apprentice at Vickers-Armstrong‚Äôs in 1962",,https://i.redd.it/6ub81o01kmw21.jpg,1557163158.0,935,0.99,49,CasualUK,i_see_frogs
bleiyd,"Can't get more English if I tried... Beer, Morris dancing and a traffic cone",,https://i.redd.it/9gcf39caemw21.jpg,1557161232.0,140,0.99,34,CasualUK,Ekauno
ble47u,The pickpocketing on South Bank is getting ridiculous these days,,https://v.redd.it/zzg0ged98mw21,1557159219.0,237,0.85,10,CasualUK,HarryGoLocky
ble2ih,"View from my hotel room this weekend, could be worse huh?",,https://i.redd.it/ae3z7nvm7mw21.jpg,1557158993.0,67,0.95,9,CasualUK,[deleted]
blczb1,Happy bank holiday r/casualuk,,https://i.redd.it/xzzckrnfrlw21.jpg,1557153545.0,62,0.91,19,CasualUK,MEGAPUPIL
blcw2f,The most 90s UK themed mashup? I hope so. Very proud of making this :),,https://i.redd.it/ysc1gtwvplw21.jpg,1557153062.0,1914,0.97,76,CasualUK,Perigeesus
blcn2a,Interesting name for the new royal baby,,https://i.redd.it/ze5gz3i4mlw21.jpg,1557151757.0,2580,0.98,66,CasualUK,kevio17
blckaq,I never actually complete one of these. I just have like 10 sitting in my drawers.,,https://i.redd.it/hcv5c02yklw21.jpg,1557151359.0,263,0.97,17,CasualUK,ed____________
blcb8h,Genuinely not sure whether this is a piss take or not,,https://v.redd.it/3h60nopsglw21,1557149997.0,174,0.97,49,CasualUK,vimariz
blbwat,"The largest single Wisteria I've ever seen, on a house that has been in the same family for over a millennium. Powderham Castle in Devon, THE HOMELAND",,https://i.redd.it/m79dn7b4alw21.jpg,1557147733.0,155,0.97,17,CasualUK,ButIDontCare
blb1eb,On the right is a ¬£2 coin i have used as a key ring every day since 2001 . The one on the left has been in circulation since 1998.,[deleted],https://i.redd.it/ch9i4g55vkw21.jpg,1557142682.0,315,0.98,49,CasualUK,[deleted]
blazs5,Quick bacon butty to start the day,,https://i.imgur.com/7gmtCl9.jpg,1557142403.0,365,0.9,96,CasualUK,SteveCabbages
blavdv,Chip Shop Disgrace,Just found out my local chippy has stopped serving scraps because they have ‚Äúno nutritional value‚Äù. If I wanted nutrition I wouldn‚Äôt be here. Give me my fish chips and curry and I‚Äôll be on my way.,https://www.reddit.com/r/CasualUK/comments/blavdv/chip_shop_disgrace/,1557141608.0,208,0.98,61,CasualUK,QueueOrQueOrQ
bl9yvx,I think I might just have discovered why the project car I've been ignoring for months is sitting a bit low on the drive...,,https://i.redd.it/b4nntyjq8kw21.jpg,1557135193.0,105,0.97,24,CasualUK,dronebox
bl9rzr,"Reddit, I'm in a hotel room....do I steal the complimentary tea bags??",,https://i.redd.it/nosto7jk4kw21.jpg,1557133757.0,275,0.94,131,CasualUK,Unicorn8113
bl9ov9,This review on a pair of trainers,,https://i.redd.it/vbwkmeyo2kw21.jpg,1557133114.0,9302,0.95,193,CasualUK,JosephHughes
bl9ajx,My local essentials,,https://i.redd.it/2jekmp1gqjw21.jpg,1557129943.0,438,0.99,36,CasualUK,KatySaid
bl92o8,Yorkshire Condoms,,https://imgur.com/NjCpxLX,1557128309.0,837,0.98,43,CasualUK,ItsSuperRob
bl8aoz,Brighton beach this morning at sunrise üåÖ,,https://i.redd.it/am8cnjii7jw21.jpg,1557122630.0,135,0.97,17,CasualUK,br_dley
bl7osg,"Just when I was thinking about trying Thai food, I spot this in the book shop",,https://i.imgur.com/DZ4nTfS.jpg,1557118140.0,183,0.94,22,CasualUK,zeropoundpom
bl64aq,"Never change, Reading.",,https://i.redd.it/l3f2cvlw3gw21.jpg,1557108207.0,635,0.99,29,CasualUK,dankyouforthemusic
bl42sj,Good luck to our Muslim friends observing Ramadan this year!,"I couldn't do it ( my peeps do 1 fast a year )

Have a good one with no hiccups!",https://www.reddit.com/r/CasualUK/comments/bl42sj/good_luck_to_our_muslim_friends_observing_ramadan/,1557095932.0,234,0.86,71,CasualUK,Ron_Goldstein
bl407p,Asda have released unicorn shaped crumpets. What's next?,,https://i.redd.it/ha29rkhxygw21.jpg,1557095530.0,57,0.96,21,CasualUK,samweeks123
bl3wng,Looking at this door while you wait for the lovely people of newham university hospital to cut your child out of your wife is a special kind of hell,[deleted],https://i.redd.it/b20w33yaxgw21.jpg,1557094982.0,67,0.85,24,CasualUK,[deleted]
bl31v0,"Bit of allotment progress today, cleared a second bed on my plot. Putting fruit bushes in soon. Excellent",[deleted],https://i.redd.it/ct74l9rljgw21.jpg,1557090412.0,75,0.96,17,CasualUK,[deleted]
bl2xkn,Banter That's More Fiery than a Chicken Tikka Slice,,https://i.redd.it/oln4vl6whgw21.png,1557089802.0,57,0.92,1,CasualUK,[deleted]
bl2uv0,Spotted something familiar on RuPaul‚Äôs Drag Race...,,https://i.redd.it/l2qaxkqqggw21.jpg,1557089412.0,124,0.92,35,CasualUK,KateMeeseeks
bl2ujp,They need a better font,,https://i.redd.it/9l7g7rplggw21.jpg,1557089365.0,220,0.97,14,CasualUK,Jorarl
bl2u5j,Arctic Monkeys,[deleted],https://i.redd.it/oeb4n9gyymv21.png,1557089305.0,144,0.95,9,CasualUK,[deleted]
bl2e2t,Bluebells in the Midlothian woods today,,https://i.redd.it/cgzdxj3l9gw21.jpg,1557087005.0,83,0.98,7,CasualUK,[deleted]
bl1wtm,Conveniently located near Stainer Place,,https://i.redd.it/o1vxyhnd2gw21.jpg,1557084582.0,52,0.94,1,CasualUK,weeblekin
bl1g5b,England‚Äôs most famous car park,,https://i.redd.it/2rcqzbedvfw21.jpg,1557082225.0,129,0.97,19,CasualUK,gasrovers
bl144q,I bumped into an old mate in town earlier - I asked him what he was up to these days...,"""I cook meals for the homeless, drug addicts, people with addictions to gambling and alcohol. That sort of thing"".


&amp;nbsp;


""Charity work?"" I asked.


&amp;nbsp;


""No. Wetherspoons.""",https://www.reddit.com/r/CasualUK/comments/bl144q/i_bumped_into_an_old_mate_in_town_earlier_i_asked/,1557080608.0,17717,0.94,429,CasualUK,Hypohamish
bl139e,Witnessed this giant making a 180 in Liverpool today,,https://v.redd.it/4etvfj8ypfw21,1557080482.0,92,0.98,14,CasualUK,canamar
bl1117,"I've been a British citizen for 7 years, and it's one of the best decisions I've made","I remember it quite well with my family. I was in the town hall, the mayor was there and a picture of the Queen. I was 16, but from then on, I have learnt so much and have grown as a person.

I have made lots of friends from around the world in the UK and it has opened opportunities that I never would have thought was possible if I stayed as a citizen in the country I was born in.

Cheers.",https://www.reddit.com/r/CasualUK/comments/bl1117/ive_been_a_british_citizen_for_7_years_and_its/,1557080177.0,139,0.97,44,CasualUK,FrozenChosenGoZen
bkzmxw,"Tidying out my old childhood bedroom and was reminded by this blast from the past, do kids still use these? And did the eraser ever actually work?",,https://imgur.com/2VV1S8z,1557073340.0,183,1.0,49,CasualUK,Cunt_Puffin
bky79q,Someone tell Toby to stop.,,https://imgur.com/e97GsEi,1557065895.0,257,0.99,34,CasualUK,PeachInABowl
bkxrai,Snowdonia yesterday,,https://i.redd.it/mklmgrnwaew21.jpg,1557063250.0,143,0.98,18,CasualUK,farfetchedfrank
bkxm9t,Woman and a duck arguing in the Budgens carpark,,https://i.redd.it/zshllet78ew21.jpg,1557062335.0,86,0.98,12,CasualUK,AndrewSwope
bkxdbh,England right about now,,https://i.redd.it/97tnn2ee3ew21.jpg,1557060711.0,696,0.99,30,CasualUK,Dazed_And_MoreBooze
bkxc7w,Today i stumbled across ‚Äòthe digital museum of plugs and sockets‚Äô. Its filled a void in my life that until now I didn‚Äôt know existed.,"
https://www.plugsocketmuseum.nl/Overview.html",https://www.reddit.com/r/CasualUK/comments/bkxc7w/today_i_stumbled_across_the_digital_museum_of/,1557060506.0,62,0.95,17,CasualUK,Rextherabbit
bkx8f4,Any excuse for a fire :) happy bank holiday!,,https://i.redd.it/vmm6t3xj0ew21.jpg,1557059779.0,53,0.92,5,CasualUK,OMG-BITCHTITS
bkx4lk,I‚Äôm beginning to suspect my cat and this furry little bastard are in league to wake me up every Sunday morning at 4 o‚Äôclock,,https://i.redd.it/wr21afh2ydw21.jpg,1557059039.0,68,0.97,17,CasualUK,dronebox
bkwxpe,"Think I might have just revolutionised breakfast, lads...","Made a startling discovery with profound breakfasting implications today: If you cut your soldiers at a jaunty angle (see [Fig: 1](https://pbs.twimg.com/media/D5zIWCeXkAALB7C?format=jpg&amp;name=large)) rather than on the traditional perpendicular (see Fig: 2), you radically enhance the entire dipping experience.


The benefits are legion: Not only does the tapered end give added mobility and buffs its probing capabilities, the thick base also provides the requisite foundations and strength for a really good dig about (see [Fig: 3](https://pbs.twimg.com/media/D5zKj46WwAEBzIF?format=jpg&amp;name=large)).


Granted, you lose about 20% of usable area owing to excessive width, but you‚Äôd only have been left with a soggy, flacid stump of inferior soldier anyway. Honestly, it‚Äôs like pitting the SAS against some tinpot dictatationship‚Äôs conscript rabble.",https://www.reddit.com/r/CasualUK/comments/bkwxpe/think_i_might_have_just_revolutionised_breakfast/,1557057592.0,302,0.95,54,CasualUK,loudribs
bkw4xt,"Knole Park, Kent yesterday",,https://i.redd.it/svhy8yt4adw21.jpg,1557050871.0,148,0.98,16,CasualUK,turned_up_to_11
bkvx8x,Loving this support sign todays Southampton Marathon!,[deleted],https://imgur.com/nMIILGq,1557048869.0,66,0.93,9,CasualUK,[deleted]
bkvsp2,That‚Äôs a long bike ride just to avoid Bradford!,,https://i.redd.it/rrgkciau0dw21.jpg,1557047744.0,2277,0.99,152,CasualUK,SteakAndJack
bkvkbu,The East Midlands Trains driver just announced we‚Äôre pulling into ‚ÄúSt Pancreas‚Äù,,https://www.reddit.com/r/CasualUK/comments/bkvkbu/the_east_midlands_trains_driver_just_announced/,1557045659.0,50,0.88,11,CasualUK,dutts303
bkvizg,Good Morning Cornwall. I never want to leave,,https://i.redd.it/vqnhsl3mtcw21.jpg,1557045316.0,1274,0.98,77,CasualUK,ACHVII
bkvic3,This review of a bus stop.,,https://i.redd.it/cqrxc475tcw21.png,1557045157.0,73,0.93,2,CasualUK,Cake890
bkvfrx,Saw this and thought it fit the rhythm of this place.,,https://i.redd.it/4umc8oy4rcw21.jpg,1557044515.0,157,0.97,20,CasualUK,Tramorak
bkv9w7,They truly have everything,,https://i.redd.it/x79avn8vmcw21.jpg,1557043046.0,253,0.95,31,CasualUK,Yare_Daze
bkv9dp,That feeling when the little strap went around your foot. Tickled a bit didn't it!,,https://i.redd.it/lw3y86pgmcw21.jpg,1557042908.0,7078,0.95,391,CasualUK,splateen74
bkv4tc,A small city in Korea seems too excited for Prince Andrew,,https://i.redd.it/yo3841z0jcw21.jpg,1557041754.0,216,0.98,23,CasualUK,shivvy27
bkqqhl,Festival of light in Keswick,[deleted],https://i.redd.it/u32pd48dv9w21.jpg,1557009594.0,66,0.98,8,CasualUK,[deleted]
bkpznc,"The Lake district is looking good this spring. Not far from Elterwater, this morning.",,https://i.redd.it/zev30zkoh9w21.jpg,1557004987.0,182,0.99,5,CasualUK,joshw317736
bkpssj,You kids.... MY childhood in one image.,,https://imgur.com/KZOnmyJ,1557003856.0,85,0.98,53,CasualUK,JimmyNuggets
bkp9u3,Wouldn‚Äôt be my first choice for a street name but ok...,,https://i.redd.it/8sjadcf359w21.jpg,1557000764.0,104,0.98,6,CasualUK,justawalkingtaco
bkoucs,Sometimes god smiles upon you.....Just found an upturned wheelbarrow full of unopened abandoned booze,,https://i.redd.it/oavtg4zrx8w21.jpg,1556998322.0,77,0.97,15,CasualUK,Shakey_surgeon
bkojj2,No it isn‚Äôt.,,https://i.redd.it/d15k3rfvs8w21.jpg,1556996675.0,84,0.94,23,CasualUK,ClarksonYouPillock
bknqwm,Took this photo a few years ago - an appropriately named pub.,,https://i.redd.it/az4ytllhf8w21.jpg,1556992174.0,69,0.97,6,CasualUK,Kaitos86
bknlvo,"Clifton Suspension Bridge, Bristol. Another example of Blighty being Beautiful",,https://i.redd.it/mxrmecc8d8w21.jpg,1556991377.0,233,0.98,15,CasualUK,Jack_swns
bkn6me,"Hey, I found where 80% of this sub live!","&amp;#x200B;

https://preview.redd.it/n5ha3gh468w21.png?width=636&amp;format=png&amp;auto=webp&amp;s=b0f3784584c049ba0faed8802bd458bb6153a5b3",https://www.reddit.com/r/CasualUK/comments/bkn6me/hey_i_found_where_80_of_this_sub_live/,1556989022.0,66,0.93,14,CasualUK,Cookie_Jnr001
bkn38v,I Love the smell of wild garlic this time of year,,https://i.redd.it/0tz5euan48w21.jpg,1556988491.0,171,0.97,19,CasualUK,__Waugh__
bkn2vn,My Dad and his graffiti doppelg√§nger in Newcastle Upon Tyne,,https://i.redd.it/yce9uk4h48w21.jpg,1556988434.0,99,0.96,8,CasualUK,lucy_1812
bkmcn9,Poor pole,,https://i.redd.it/vze7y1qtr7w21.jpg,1556984177.0,2133,0.98,23,CasualUK,mattdrx
bkm24g,A perfect double rainbow framing the public toilets near Chepstow Castle,,https://i.redd.it/1vv10n1nm7w21.jpg,1556982440.0,403,0.99,12,CasualUK,thb22
bkluaf,I thought this Groupon advert was something a bit different at first,,https://i.redd.it/0lcqy9iri7w21.jpg,1556981129.0,247,0.99,17,CasualUK,FlintyMachinima
bklsdq,Spotted in a museum in Riga about ‚Äúwhat can I do for Latvia?‚Äù,,https://i.redd.it/9p7wkfphh7w21.jpg,1556980800.0,106,0.99,12,CasualUK,sonicandfffan
bklpak,The off-road parking around here is starting to take the piss.,[deleted],https://i.redd.it/qppv2k25g7w21.jpg,1556980252.0,90,0.94,2,CasualUK,[deleted]
bklm9s,Just another day at Homebase...,,https://v.redd.it/a4qph5gge7w21,1556979699.0,520,0.94,36,CasualUK,Max_K701
bklgty,They‚Äôll get stolen. She‚Äôs new to the area.,,https://i.redd.it/74l1zg3nb7w21.jpg,1556978735.0,66,0.98,9,CasualUK,Harky1977
bklamr,Massive savings in Aldi today!,,https://i.imgur.com/TXsgJgS.jpg,1556977599.0,154,0.97,22,CasualUK,[deleted]
bkl8k6,Spotted lying in the bluebells on our way home from work.,,https://i.redd.it/y0ew7sz377w21.jpg,1556977211.0,215,0.99,10,CasualUK,epm73
bkl781,This Wholeheartedly Reassured Me.,,https://i.redd.it/z3f3aok967w21.jpg,1556976954.0,53,0.93,13,CasualUK,[deleted]
bkl2nl,"Apparently Posting this on Gumtree is ""Over Reacting""",,https://i.redd.it/7hwijfep37w21.jpg,1556976065.0,205,0.97,32,CasualUK,Browner0603
bkkbgq,Pretty sure there's another uni here too... Can't remember the name though...,,https://imgur.com/1hXocWu,1556970345.0,1641,0.99,131,CasualUK,TehDragonGuy
bkkbd5,Are the Co-op selling hedehogs now ?,,https://i.redd.it/yciyrxjmm6w21.png,1556970321.0,432,0.98,29,CasualUK,CaptRedBeardOG
bkk94g,Crime in my village is getting out of control,,https://i.redd.it/6ppfc231l6w21.jpg,1556969785.0,270,0.96,19,CasualUK,gasrovers
bkk7at,The Cornish countryside this morning.,,https://i.redd.it/xf6yi64rj6w21.jpg,1556969357.0,93,0.97,3,CasualUK,Easytype
bkk4x9,Ordered chicken strips at spoons. I'm not allergic to seafood so I'm calling this a win,,https://imgur.com/CeL542T,1556968779.0,86,0.97,13,CasualUK,[deleted]
bkk4tz,Just stumbled across this abomination...,,https://i.redd.it/pdvatmtyh6w21.jpg,1556968755.0,126,0.94,23,CasualUK,Fr3aKPoTaTo
bkjysg,Today I‚Äôm mowing the apple-blossom.,,https://i.redd.it/t6hjb6qjd6w21.jpg,1556967279.0,61,0.96,9,CasualUK,pistrel
bkjy9u,Found this nice looking cartoon for sale in Primark. Anyone seen it before? I'm sure whatever it's like it won't give my niece or nephew PTSD...,,https://imgur.com/UORvUCk,1556967142.0,186,0.97,57,CasualUK,TheBombadillo
bkjg5v,For all the British Star Wars fans,4th of May be with you,https://www.reddit.com/r/CasualUK/comments/bkjg5v/for_all_the_british_star_wars_fans/,1556962315.0,92,0.87,18,CasualUK,Mazayr
bkjak5,Dyson doesn‚Äôt diminish damp dog,[deleted],https://i.redd.it/mbls5gm8u5w21.jpg,1556960776.0,459,0.97,13,CasualUK,[deleted]
bkj3a3,How difficult does tesco have to make it to buy condoms?,"Went into tesco on the way home because I'd run out of condoms and one child is enough for my wife and I at this point. Went to the chemist section and they have all the condom boxes in those big anti theft boxes. Great, this means I'm going to have to bring them to someone to open for me rather than be discreet at the self check out. Oh well, I went to the till and paid, got some odd looks from people (no idea why people act like it's so strange for a grown man to buy condoms, or anyone to buy them for that matter). Got past this point and as I'm walking out the door the fucking alarm goes off! Had security walk over to me so I could show them my comdoms and receipt, all while people are looking over thinking ""did this bloke just try to steal condoms"".

From this point on I'm ordering online.",https://www.reddit.com/r/CasualUK/comments/bkj3a3/how_difficult_does_tesco_have_to_make_it_to_buy/,1556958697.0,1375,0.98,318,CasualUK,Mouse2662
bkj2lg,"The Bishop of Rome, Vicar of Jesus Christ, Successor of the Prince of the Apostles, Supreme Pontiff of the Universal Church, Primate of Italy, Archbishop and Metropolitan of the Roman Province, Sovereign of the Vatican City State, Servant of the servants of God is filling up in Asda in Spennymoor.",,https://i.redd.it/otitv5fgn5w21.jpg,1556958499.0,362,0.98,20,CasualUK,HPB
bkj247,Spotted this masterpiece in a hospital I was visiting,,https://i.redd.it/8fvnaby1n5w21.jpg,1556958360.0,432,0.98,57,CasualUK,urdnot_wreck
bkiy8s,"The hero we need, not the one we deserve","

'Trash Girl' Nadia Sparkes moves schools over bullying - https://www.bbc.co.uk/news/uk-england-norfolk-48065405",https://www.reddit.com/r/CasualUK/comments/bkiy8s/the_hero_we_need_not_the_one_we_deserve/,1556957243.0,55,0.95,26,CasualUK,Know_The_Ledge
bkiv5u,Piers Morgan must be lurking in this subreddit!,[deleted],https://i.redd.it/l911vhk9h5w21.jpg,1556956412.0,78,0.9,51,CasualUK,[deleted]
bki5eo,I wonder if the rest of the Guardians Of The Galaxy know that Gamora has hit on hard times in Newcastle?,,https://i.redd.it/9adogpmex4w21.jpg,1556949733.0,5983,0.93,243,CasualUK,ShaggyDogzilla
bkez60,Kitty at the doctors,,https://i.redd.it/6uvikevnz2w21.jpg,1556926278.0,505,0.98,32,CasualUK,itisdowo
bkerjr,Why is it always the bad girls that catch my eye...,,https://i.redd.it/yhjn2ngpv2w21.jpg,1556924949.0,380,0.98,20,CasualUK,Redditallbefore123
bker5r,"Tynemouth, Tyne and Wear, tonight",,https://i.redd.it/54thhypiv2w21.jpg,1556924887.0,88,0.99,3,CasualUK,[deleted]
bke5lb,"Best charity shop donation ever, not! ü§Æ Came into my shop in Chester today.",,https://i.redd.it/y5p264uyk2w21.jpg,1556921350.0,66,0.96,12,CasualUK,winwillow
bkdz8n,Big oof indeed,,https://i.redd.it/fkkh00aqb0w21.jpg,1556920352.0,184,0.93,16,CasualUK,BuoyantCupid
bkdb5h,A very British bus,,https://i.redd.it/j8vs5rmo62w21.jpg,1556916534.0,56,0.93,8,CasualUK,[deleted]
bkc9ly,Bristol today: this crazy beautiful street percussionist banging out mental jungle fascinates this cute lil girl,,https://i.redd.it/3aefz1xep1w21.jpg,1556910806.0,133,0.98,19,CasualUK,Jiminyfingers
bkasf9,"Before you all begin your bank holiday weekend fun, don't forget to turn your Monday alarm off!",Apologies and thanks to those working the weekend.,https://www.reddit.com/r/CasualUK/comments/bkasf9/before_you_all_begin_your_bank_holiday_weekend/,1556902914.0,92,0.97,29,CasualUK,Kerrypug
bkaq12,Something terrible has occurred in Sainsbury‚Äôs,,https://i.redd.it/xtvce3q511w21.jpg,1556902569.0,112,0.98,30,CasualUK,rekt555
bkadss,I'm stuck watching my coffee go cold,,https://i.redd.it/89gbxp0mv0w21.jpg,1556900703.0,120,0.94,28,CasualUK,EarlOfBronze
bkac2h,Special cargo...,,https://i.redd.it/1m4amuwuu0w21.jpg,1556900450.0,332,0.96,7,CasualUK,bososaurus
bkaaou,Just popped into my local co-op to get some tea and I see this bargain,[deleted],https://i.redd.it/7qm7dbw8u0w21.jpg,1556900246.0,70,0.91,17,CasualUK,[deleted]
bka36l,Are we still doing burgers? Mine had a lamb chop in it.,,https://i.redd.it/td3hinwwq0w21.jpg,1556899130.0,264,0.93,66,CasualUK,Zippyversion1
bk9r11,My Dog Has Been Sent A Birthday Card by a Local Pet Store,,https://imgur.com/PrN21lU.jpg,1556897289.0,114,0.96,12,CasualUK,CandleJakk
bk9lc4,How does Art Attack hold up in reddit's eyes?,,https://youtu.be/5Dsb_r8qDss,1556896431.0,195,0.98,63,CasualUK,ProfessorByarf
bk9jmo,There is nothing as British as standing around watching as a suspicious package is taken care of,,https://i.imgur.com/CDSSiVM.jpg,1556896170.0,56,0.95,25,CasualUK,dud65499
bk8oid,You had one job.,[deleted],https://i.redd.it/vv8vqpgd30w21.jpg,1556891211.0,137,0.96,13,CasualUK,[deleted]
bk8ims,Hero Lily!,,https://i.imgur.com/0leDJ2j.gifv,1556890231.0,764,0.98,27,CasualUK,toostrongfordong
bk8dwu,Positively reckless,,https://i.imgur.com/Pb7RHBH.jpg,1556889452.0,327,0.99,6,CasualUK,loudribs
bk7gi2,The label on my Innocent Smoothie bottle is quite entertaining,,https://i.redd.it/etv5avcfyyv21.jpg,1556883603.0,90,0.84,16,CasualUK,kizaaaaaargh
bk77ep,Only UK people know this life hack,,https://imgur.com/hYuMfJa.jpg,1556881821.0,143,0.95,68,CasualUK,drazziel
bk7796,My local kebab van,,https://i.redd.it/9mr5buidbzv21.jpg,1556881791.0,202,0.99,36,CasualUK,BertUK
bk6mzv,There‚Äôs no way this wasn‚Äôt deliberate - Tour de Yorkshire,,https://i.imgur.com/SNicbuC.jpg,1556877263.0,125,0.99,10,CasualUK,defuzzman29
bk6j4a,Rickerby Park framed by nature!,,https://i.redd.it/l954ux0yuyv21.jpg,1556876325.0,65,0.97,8,CasualUK,UnpreparedSugar
bk6hpr,"On the train back from London yesterday, as we were coming into Coventry the driver got on the tannoy and said ‚Äúladies and gentlemen we will shortly be arriving in Coventry, if you are leaving us here my condolences‚Äù. Cheeky bastard.",,https://www.reddit.com/r/CasualUK/comments/bk6hpr/on_the_train_back_from_london_yesterday_as_we/,1556875982.0,286,0.99,43,CasualUK,Ford-Prefects-towel
bk6a0i,Tube advertising,,https://i.redd.it/fsbha93joyv21.jpg,1556874111.0,213,0.98,18,CasualUK,dc10lp7
bk62in,Just found this on my village Wikipedia article,[deleted],https://i.redd.it/okfqpsqliyv21.jpg,1556872115.0,516,0.98,72,CasualUK,[deleted]
bk5xja,The best part of the morning flight,,https://imgur.com/deDpn23,1556870756.0,223,0.94,73,CasualUK,Kulikant
bk5w4w,Surprised the DVLA allowed this one,,https://i.redd.it/23ucs6yhdyv21.jpg,1556870409.0,87,0.96,20,CasualUK,sunrisesomeday
bk5v91,"Had dental surgery to extract a broken tooth last night... I'm drinking piss weak tea, at 21 degrees, through a straw. Happy Bank Holiday weekend everyone :-(",,https://i.redd.it/76vs5bumcyv21.jpg,1556870176.0,84,0.96,23,CasualUK,dronebox
bk5bwi,Who approacheth the Crossing of Death must answer me these questions three.,,https://v.redd.it/mnfddkf8yxv21,1556865400.0,20908,0.94,1496,CasualUK,Arsewipes
bk5awf,I'm not ACTUALLY drinking at 9 in the morning...,"... it's for a thing.

https://preview.redd.it/fmfamsj4yxv21.jpg?width=704&amp;format=pjpg&amp;auto=webp&amp;s=df52eaf1eb501101eb11dce087b3156e60d63b56",https://www.reddit.com/r/CasualUK/comments/bk5awf/im_not_actually_drinking_at_9_in_the_morning/,1556865176.0,73,0.95,14,CasualUK,grundledoodledo
bk58pg,"It's mere hours before I get to tell everyone at work ""see you next Tuesday""",The anticipation is killing me,https://www.reddit.com/r/CasualUK/comments/bk58pg/its_mere_hours_before_i_get_to_tell_everyone_at/,1556864661.0,156,0.97,21,CasualUK,[deleted]
bk4v00,"The first egg broke,but the second made up for it ..",,https://i.redd.it/a6sare45nxv21.jpg,1556861534.0,59,0.9,15,CasualUK,wadeybb
bk2g7p,"Tonight Matthew I'm going to be... a Fireplace. (Spotted in Leigh, Manchester).",,https://i.redd.it/2xe1enw68wv21.jpg,1556844636.0,100,1.0,7,CasualUK,Mr-Klaus
bk24lw,Kate Beckinsales description is too accurate,[deleted],https://i.redd.it/6sdu5oup2wv21.jpg,1556842558.0,92,0.96,5,CasualUK,[deleted]
bk0g9p,"Found in the Aldi 'Aisle of Shite'. Never change Aldi, you beautiful bastard.",,https://i.imgur.com/oxH1hYc.jpg,1556832788.0,466,0.98,50,CasualUK,TheGunner79
bk0ejc,Only in my late 20‚Äôs have I finally started listening to Mot√∂rhead and found out how mint the music Lemmy and the rest of the band made was. And I‚Äôve still got so many albums to listen to.,[deleted],https://i.redd.it/aw2087ex8vv21.jpg,1556832540.0,84,0.92,39,CasualUK,[deleted]
bk0661,Love a free tea bag.....,,https://i.redd.it/vo2kp3ib5vv21.jpg,1556831326.0,149,0.95,36,CasualUK,Unicorn8113
bjz603,Beautiful sky tonight,,https://i.redd.it/aehcadblpuv21.jpg,1556826039.0,106,0.97,9,CasualUK,WiseFardy
bjz02c,Coffee beans?,,https://imgur.com/SV8Mmh3,1556825166.0,65,0.98,5,CasualUK,MrsLollipop
bjykq1,‚ÄúEat for England‚Äù - a sculpture in the middle of nowhere in Northumberland,,https://i.redd.it/tzt7posaguv21.jpg,1556822913.0,142,0.99,18,CasualUK,[deleted]
bjy2bg,Coming soon: JMNHOICK 3!,,https://i.redd.it/qlagcksa8uv21.jpg,1556820234.0,403,0.99,30,CasualUK,tizz66
bjw6tu,Countryside walks are fun sometimes..,,https://i.imgur.com/JDZYtc4.jpg,1556810510.0,83,0.98,10,CasualUK,suexo
bjvrzx,When you think it's just a simple misfire but you end up needing a full oil change.,,https://i.redd.it/rqygwywy8tv21.jpg,1556808346.0,84,0.98,6,CasualUK,Wi1dLou
bjvoci,Local lad from the old primary school has pissed somebody off...,,https://imgur.com/V6fSNnx,1556807815.0,55,0.98,12,CasualUK,Jhamertime
bjvjnh,Packages getting a bit too cheeky,,https://i.imgur.com/VacqGL1.jpg,1556807104.0,60,0.96,1,CasualUK,Appreciation622
bjvjkb,When you‚Äôre not even safe at work,,https://i.redd.it/un4g8g795tv21.jpg,1556807091.0,406,0.99,42,CasualUK,zingabadoo
bjvgo3,Thanks O2 - The sequel,,https://imgur.com/gallery/AyvDONG,1556806655.0,108,0.95,9,CasualUK,HALFLEGO
bjuhp7,"Local Turkish barber has picked this wildflower bouquet, complete with nettles. Beautiful arrangement.",,https://i.redd.it/ed8evdlxmsv21.jpg,1556800932.0,101,0.96,9,CasualUK,moonamaana
bjuhlf,The Anything-But-Duck sandwich! Available now!,,https://i.imgur.com/k2lL4RN.jpg,1556800912.0,73,0.98,12,CasualUK,PoliceAlarm
bju4nr,Love this scene,,https://i.redd.it/k1gqr2pd7sv21.jpg,1556798553.0,324,0.91,44,CasualUK,andyhazlewood
bjtvqx,M&amp;S made my sandwich gay...,,https://i.redd.it/vehlcgtx9sv21.jpg,1556796873.0,30016,0.92,1316,CasualUK,Wastrelle
bjttu3,"One of my mates posted these '10 Suggestions to liven up snooker a little bit', and I'm not gonna lie... I would watch this!",,https://i.redd.it/pkgon46n9sv21.png,1556796497.0,710,0.95,49,CasualUK,Dannyboi93
bjtrq4,Anyone else love winning the bagging challenge?,,https://i.redd.it/jrfhprjc8sv21.jpg,1556796096.0,1398,0.98,101,CasualUK,mister_teaaaa
bjtmrv,Think about your grandchild Neil!,,https://imgur.com/5oLlqMs,1556795090.0,87,0.96,9,CasualUK,EroticBaconRoll
bjtgxh,Out for a motorcycle ride last night and turned it into a sunset chaser. Think this one was particularly nice (near Minchinhampton Common).,,https://i.redd.it/95i1av2u1sv21.jpg,1556793834.0,109,0.98,1,CasualUK,[deleted]
bjt559,Can everyone just take a second to appreciate what a beautiful country we are in.,,https://imgur.com/mBuUBjh,1556791274.0,749,0.95,58,CasualUK,aidan101
bjt1w9,The BBC being so proud of its puns,,https://i.redd.it/ste180hyrrv21.png,1556790544.0,459,0.96,13,CasualUK,[deleted]
bjssrv,"Said I‚Äôd be going to Matlock; managed the Heights! A great day, even if it was a little grey.",,https://i.redd.it/bwi7c7ojlrv21.jpg,1556788357.0,60,0.98,11,CasualUK,MxDread
bjslud,Beaver is now protected in Scotland,[deleted],https://www.theguardian.com/environment/2019/may/01/historic-day-for-scotland-as-beavers-get-protected-status,1556786587.0,49,0.97,14,CasualUK,[deleted]
bjsjcs,A nation-wide search has begun.,,https://i.redd.it/tsjbpz1berv21.jpg,1556785920.0,1583,0.98,113,CasualUK,MarkTheTriplet
bjsinv,Just saw this and thought it would be appreciated here,,https://v.redd.it/wi5unrgodrv21,1556785740.0,260,0.94,19,CasualUK,Arsewipes
bjsha9,This Isaac Newton 50p coin I got for change,,https://i.imgur.com/5IsTomi.jpg,1556785390.0,526,0.98,55,CasualUK,ThatGuyYouDespise
bjsfk9,Finally finished editing my Peep Show intro edit me and my mate filmed in Croydon!,[deleted],https://v.redd.it/8j6jp898brv21,1556784931.0,357,0.91,46,CasualUK,[deleted]
bjs80k,It‚Äôs still easy to recognise who this is,[deleted],https://i.redd.it/3disosqf5rv21.jpg,1556782938.0,94,0.9,33,CasualUK,[deleted]
bjs5t5,Here‚Äôs a better picture from Grasmere yesterday! Genuinely beautiful place!,,https://i.redd.it/3tsi4mcn3rv21.jpg,1556782357.0,60,0.95,10,CasualUK,UnpreparedSugar
bjs49l,Never panicked so much in my life,,https://i.redd.it/mlcpjksj2rv21.jpg,1556781966.0,98,0.94,13,CasualUK,EsDblYou
bjrtsx,My daughter just asked for another bowl of ‚ÄúColgate Scrunchy Nuts‚Äù for breakfast.,"
Dying!",https://www.reddit.com/r/CasualUK/comments/bjrtsx/my_daughter_just_asked_for_another_bowl_of/,1556779394.0,143,0.91,14,CasualUK,rumbelows
bjnfm1,Branston Pickle - a verified purchase,,https://i.redd.it/u0ofx8xpeov21.jpg,1556749746.0,64,1.0,9,CasualUK,Mr_Curtis_Loew
bjmwv1,She‚Äôs a good girl though!,,https://i.redd.it/2588w07e6ov21.jpg,1556746941.0,6910,0.98,77,CasualUK,Professor_Jamie
bjmty2,These roadworks are lasting longer than the DFS sale,,https://i.redd.it/b35g0r6y4ov21.jpg,1556746509.0,97,0.97,8,CasualUK,wanado144
bjmez4,When did dentist stickers become so shit? I did not have my face drilled for this sticker....,,https://i.redd.it/ylhpd82zynv21.jpg,1556744445.0,52,0.95,18,CasualUK,toriatain
bjlx32,Cheeky bastards are stealing ‚Äúa‚Äùs as well!,,https://i.redd.it/ew0zlpubrnv21.jpg,1556741876.0,80,0.97,9,CasualUK,thepadsterb
bjlnk7,"u/Old-Blighty, can we reignite the burger war?",,https://i.redd.it/b4uwv6w8nnv21.jpg,1556740500.0,168,0.88,98,CasualUK,TerrainIII
bjjrsk,Every day I feel threatened on the train,,https://i.redd.it/r5e7f5mbvmv21.jpg,1556731119.0,185,0.99,21,CasualUK,stephenlikestoast
bjjoh9,Got Ya,,https://i.redd.it/hnjmewaytmv21.jpg,1556730662.0,282,0.95,14,CasualUK,redisthebest
bjje12,I just saw a tractor driver pull over onto the grassy verge to allow the 40+ long queue of cars behind him to get past.,[deleted],https://www.reddit.com/r/CasualUK/comments/bjje12/i_just_saw_a_tractor_driver_pull_over_onto_the/,1556729217.0,213,0.98,42,CasualUK,[deleted]
bjjdyc,My postman‚Äôs camouflage skills,,https://i.imgur.com/722KA2m.jpg,1556729208.0,303,0.98,20,CasualUK,Wanderlusthisearth
bji9w6,Sometimes I'm grateful I live in Shropshire. Other times....,,https://i.redd.it/lehv1ffh9mv21.png,1556723765.0,220,0.96,65,CasualUK,dirtyyolk
bjgs0s,What an unfortunately shaped strawberry,,https://i.redd.it/rpv1h89vklv21.jpg,1556715490.0,472,0.98,24,CasualUK,sonicandfffan
bjfnp9,Thought people would be interested to know that Terry's used to make more than just the chocolate orange. Here is a Desert Chocolate Apple and a Spartan Barrel! (photo of a brochure taken in the Borthwick Archives in York if anyone wants to go have a look),,https://i.redd.it/1grtoewdwkv21.jpg,1556707514.0,104,0.99,26,CasualUK,mr_Hank_E_Pank
bjffix,Can't take him anywhere...,,https://i.redd.it/4p9c2v9frkv21.png,1556705600.0,84,0.97,27,CasualUK,SilentSamamander
bjf0v0,"My mate has found the Big Ben costume and is trying to reunite it with its owner. Piers Morgan has promised to donate ¬£1000 to charity upon its return, but we are struggling to get in touch with him. Can you lot help?",,https://i.redd.it/q3ptltxtgkv21.jpg,1556702023.0,1001,0.98,63,CasualUK,themoonunitsj
bjey6g,Not all heroes wear capes,,https://i.redd.it/6g0gdfirekv21.jpg,1556701326.0,168,0.96,5,CasualUK,sniffmyear
bjevbh,Party like it's the 90s,,https://v.redd.it/p688tri6ckv21,1556700528.0,103,0.97,31,CasualUK,Arsewipes
bjekw6,Thanks M&amp;S.,,https://i.imgur.com/U43JnJw.png,1556697636.0,13231,0.96,116,CasualUK,Goodnight313
bjejr6,Why are these sinks so bloody difficult to use?!,[deleted],https://i.redd.it/ay2g1t4s2kv21.jpg,1556697297.0,62,0.93,16,CasualUK,[deleted]
bjeh3p,Someone locked their ironing board to the bike racks outside my local,,https://i.redd.it/q8klvtfj0kv21.jpg,1556696546.0,83,0.99,7,CasualUK,djnev
bjee9l,Anyone else getting this free Springwatch entertainment at the moment?,,https://v.redd.it/et5ttjpwsjv21,1556695739.0,227,0.99,20,CasualUK,ninetieths
bjedu3,Had 2 Clydes delivered to the food bank yesterday. Surely will cheer some family up!,,https://i.redd.it/qn1xcsarxjv21.jpg,1556695609.0,360,0.98,58,CasualUK,Sheepski
bje7f4,The BBCs sound effects department (1927),,https://i.redd.it/zge15kwssjv21.jpg,1556693940.0,289,0.99,25,CasualUK,Kekoa_ok
bjdn4p,Went to Matlock Bath this weekend just gone. Beautiful place.,,https://i.imgur.com/yf76AYa.jpg,1556688997.0,341,0.98,64,CasualUK,CameraLizardVlogs
bj8xik,Chips are really expensive in my local Sainsbury's,,https://i.redd.it/b52eaz53zgv21.jpg,1556659750.0,174,0.96,22,CasualUK,januarynights
bj8ux8,Paid the local landfill a visit and,,https://i.redd.it/2rh3sax0ygv21.jpg,1556659402.0,56,0.97,10,CasualUK,[deleted]
bj8txm,A bluebell wood in Yorkshire.,,https://i.redd.it/wygccmhoxgv21.jpg,1556659266.0,159,0.99,10,CasualUK,Rev_dino
bj8qiw,Rambling season has officially begun in Worcestershire!,,https://i.redd.it/4pd9xonawgv21.jpg,1556658819.0,72,0.97,12,CasualUK,MitchellHampton
bj7ugk,"I give you Shippea Hill station in Cambridgeshire; according to Ordinance Survey, its elevation is 0.6 m above sea level.",,https://i.redd.it/tpeyq2brigv21.jpg,1556654482.0,86,0.97,14,CasualUK,Madeline_Basset
bj6yp7,"I don't know where to post this, but man am I having a good day!","After a shaky six months or so, my degree is coming to a close, and I have been too drained from life to end it the way I'd like to (probably getting a 2:2, whereas I started the year with my eyes on a first). Also, money has been rubbish, and I have been perpetually turned down for jobs in both the field I want to work in long term (sound work for TV and film) and work I know really well for an all-too-necessary cash injection (retail).  


At noon, I received a call asking me to come in for an interview at Tesco, which is great because I kick arse once I get to the interview stage. And just now, I received a phone call from a cinematographer/director with 30+ years of experience and contacts, and he sounded very excited about what I have to offer, even when I was straight with him about my lack of experience.  


I know this has little to do with the UK, but this story does involve Tesco, and I live here, so I'm counting that as ""UK Content"".",https://www.reddit.com/r/CasualUK/comments/bj6yp7/i_dont_know_where_to_post_this_but_man_am_i/,1556649952.0,154,0.95,17,CasualUK,DontWantToBeOnReddit
bj6cr6,I‚Äôm not in the office tomorrow...,,https://i.redd.it/rjw45fwrwfv21.jpg,1556646849.0,61,0.9,31,CasualUK,Harky1977
bj60x1,"Better not nick anything from my local Morrisons, he's onto you",,https://imgur.com/jaytBK2,1556645180.0,57,0.89,25,CasualUK,scisteve
bj5yrv,Just mum and four cubs enjoying the afternoon sun,,https://v.redd.it/aro35sscqfv21,1556644869.0,99,0.98,8,CasualUK,spongeboobsparepants
bj5sqs,Suns out Datsuns out! love some good weather,,https://i.redd.it/o1qn0csbofv21.jpg,1556644030.0,234,0.95,55,CasualUK,Nico-And-The-Niners
bj5hm1,How I feel every time I have a conversation with somebody in CEX,,https://i.redd.it/p20waynijfv21.jpg,1556642508.0,656,0.95,142,CasualUK,PlasmaWolf626
bj4geg,"My sisters dog, Buzz, is the official office dog and this was his debut on their new Facebook page",,https://i.redd.it/xhzdh7704fv21.jpg,1556637175.0,78,0.92,3,CasualUK,PM_ME_YOUR_DOGSNCATS
bj38q9,Best admin assistant in the land,,https://i.imgur.com/LL0IoQm.jpg,1556630533.0,153,0.96,10,CasualUK,liketo
bj2fd0,This guy was alone at Brinton Park in Kidderminster this morning picking up all the rubbish before the kids arrived to play. A silent hero!,,https://i.redd.it/p75wz8b15ev21.jpg,1556625422.0,632,0.98,25,CasualUK,JadedAyr
bj21p1,Someone at work has put crisps in the fridge,"Crisps. In the Fridge. Hula Hoops to be exact. Does anyone else do this? If so, what are the rest of us missing out on?  


Edit: Just been back to check, it is in fact a multi pack of 6 Hula Hoops with no sign of a lunch box",https://www.reddit.com/r/CasualUK/comments/bj21p1/someone_at_work_has_put_crisps_in_the_fridge/,1556622733.0,90,0.98,47,CasualUK,sockhead99
bj20rj,"Just thought I'd share this pic of your average commuter here in the UK, with a tote full of Twinings",,https://i.redd.it/kgimu5phwdv21.jpg,1556622544.0,195,0.97,36,CasualUK,cume_pant
bj1q4p,Nice British pilot making his displeasure clear,"Captain Terry, with his nicely clipped English vowels, has referred to our delay being caused by ""two passengers who have decided not to join us"" - strong words indeed.",https://www.reddit.com/r/CasualUK/comments/bj1q4p/nice_british_pilot_making_his_displeasure_clear/,1556620170.0,97,0.96,15,CasualUK,goldfishpaws
bj1f70,Our visitor this morning. He was freed unharmed with the help of seeds,,https://v.redd.it/xti88oglhdv21,1556617648.0,81,0.96,20,CasualUK,dontfearlionhere
bj1ae8,"Springwatch: this feeding-hub supports an entire food chain, from rats to stray dogs to the fatcat council",,https://i.redd.it/55ghn099edv21.jpg,1556616412.0,75,0.94,9,CasualUK,BellaKaterina84
bj17k4,Can you tell me where the nearest bank is?,,https://v.redd.it/qjn99mq629v21,1556615726.0,563,0.97,10,CasualUK,FrankTheGiantRabbit
bj16jt,Enjoying the bluebells before finding some churches to feck up,,https://i.redd.it/96enr7kcbdv21.jpg,1556615478.0,117,0.98,7,CasualUK,BlackShuckChuck
bj0uqu,"The Older You Get, The Wiser You Are",,https://i.redd.it/7san66ngo8v21.jpg,1556612394.0,688,0.98,35,CasualUK,jogle135
bizs2l,"Tragically, someone appears to have stolen the infamous Big Ben costume from the marathon at the weekend...",,https://i.redd.it/msmwt7tyacv21.jpg,1556603194.0,6172,0.97,180,CasualUK,thearguablepear
biv4g2,Tesco not helping the situation,[deleted],https://i.redd.it/qd3pg2kuv9v21.jpg,1556573897.0,81,0.9,3,CasualUK,[deleted]
biusyr,"Today I donated stem cells (the red stuff in the bag) that I matched for a cancer patient, some people don‚Äôt find a match at all. I am the biggest pussy on this planet, if I can do this then so can you! Please take the time to look in to this to see if you want to register too and maybe save a life.",,https://i.redd.it/fi47eyxuq9v21.jpg,1556572218.0,523,0.96,76,CasualUK,Cazawazza
biud3k,Whoever poured this pint is clearly not from the UK,,https://v.redd.it/jd0cbvx7i9v21,1556569968.0,187,0.96,47,CasualUK,mascot950
bitqzn,Found at work. Classic Britishness.,,https://i.imgur.com/fYPjwYX.jpg,1556566883.0,108,0.97,1,CasualUK,HotelEchoNovember
bitnz6,Hope this feller‚Äôs got a ticket.,[deleted],https://i.redd.it/h3acxafo99v21.jpg,1556566451.0,170,0.99,19,CasualUK,[deleted]
bisu93,This shop appears to be having an identity crisis..,,https://i.redd.it/ytkfj9j1x8v21.jpg,1556562195.0,83,0.97,30,CasualUK,cerebralrich
birmsc,"The Lake District - ""There isn't a landscape in the world more artfully worked, more lovely to behold, more comfortable to be in than the countryside of Great Britain..""",,https://i.redd.it/mfxrmv9ge8v21.jpg,1556556035.0,106,0.95,10,CasualUK,DailyEsportz
bir9sr,Rachel Riley happy her name came up on Countdown!,,https://i.redd.it/9v6vlcab98v21.jpg,1556554220.0,485,0.96,33,CasualUK,Superbabybanana
biqi4s,This sign on the Leeds canal,,https://imgur.com/MIP8YC1.jpg,1556550285.0,257,0.95,27,CasualUK,CocacolaGARCIA
biq9fa,This generous donation of a Del Boy ¬£20 in a collection box I saw today.,,https://i.redd.it/elgwz1spt7v21.jpg,1556548978.0,321,0.99,27,CasualUK,[deleted]
bipv2b,Bit rude.,,https://i.redd.it/bsap7ft2n7v21.jpg,1556546739.0,481,0.99,28,CasualUK,GloomyGibbon
biptdy,The queen has breached containment,,https://i.imgur.com/gebbuPX.jpg,1556546472.0,617,0.98,76,CasualUK,[deleted]
bipqm0,Thirlemere this afternoon,,https://i.redd.it/vwpm5l1yk7v21.jpg,1556546025.0,150,0.99,7,CasualUK,dontfearlionhere
bipeku,Look at this state of this. Looks nothing like him! He's not even wear double denim.,,https://i.redd.it/6i0apqute7v21.jpg,1556544012.0,66,0.93,8,CasualUK,panicky_in_the_uk
bip9gj,"Granted I haven‚Äôt been to bournemouth oceanarium in a good few years, but the fish seem a lot more aggressive than I remember",,https://i.redd.it/17vee5ndc7v21.jpg,1556543146.0,57,0.96,8,CasualUK,Isabellendneccessary
bip43b,"Saw this hardworking single mother at the allotment today, beautiful",[deleted],https://i.redd.it/xkbyzkkn97v21.jpg,1556542235.0,264,0.98,54,CasualUK,[deleted]
biou31,"Thanks, Odeon",,https://i.imgur.com/I1SqOgn.jpg,1556540472.0,12949,0.97,494,CasualUK,ChiSqaure
biop18,"[NSFW] I thought these had died out with the birth of the Internet, but someone left their precious, stained porn mag out in the middle of nowhere.",,https://i.redd.it/0j15rvkn17v21.jpg,1556539542.0,323,0.97,64,CasualUK,Kryptonite_Pyro
biom6p,I guess I'll have a quarter of a filling then.,,https://i.redd.it/kf8qsfz607v21.jpg,1556539043.0,238,0.98,11,CasualUK,sutpenicity
binz9m,To Me To You,,https://i.imgur.com/WtLOwsS.jpg,1556534312.0,691,0.97,32,CasualUK,[deleted]
biny4v,Jesus.,,https://i.redd.it/ibc7051cl6v21.jpg,1556534050.0,60,0.94,15,CasualUK,killer_ragdoll
binutr,Middlesbrough Council fills potholes after penis graffiti protest,,https://www.bbc.co.uk/news/uk-england-tees-48068866,1556533279.0,116,0.99,19,CasualUK,TheRealDave24
binpiz,What‚Äôs your useless super power?,"As per the title, for example my rubbish super power is I can smell a disgusting bin from another room whilst my husband needs to have his head in the thing before he notices it. 

Do you have the ability to pick up scalding hot plates and dishes without burning yourself? Can you sense your child stirring in its sleep?",https://www.reddit.com/r/CasualUK/comments/binpiz/whats_your_useless_super_power/,1556532040.0,62,0.96,234,CasualUK,GFoxtrot
bin4bg,Stay classy Donnington (hand for scale),,https://i.redd.it/tfsaffyfz5v21.jpg,1556526701.0,134,0.97,29,CasualUK,[deleted]
bin1e1,"Sorry boss, but I'm going to be late, they just won't moooooooove",,https://imgur.com/WkfpX8U.jpg,1556525922.0,168,0.97,18,CasualUK,[deleted]
bijdpd,Just as you do...,,https://i.redd.it/5qcwo4fy94v21.jpg,1556505999.0,68,0.92,6,CasualUK,sickofyourshithun
bigvju,Saw the Queen at the marathon today,,https://i.redd.it/ofgfazc3z2v21.jpg,1556490244.0,167,0.94,16,CasualUK,DiscombobulatedBabu
bigkga,Awesome Stan Lee street art in East London,,https://i.redd.it/46pys68kt2v21.jpg,1556488382.0,133,0.89,11,CasualUK,PiNkY-PuNk
bigkb4,Primark's displays paying a concerning attention to detail these days.,,https://i.redd.it/socwoneht2v21.jpg,1556488357.0,70,0.94,16,CasualUK,RickErzekiel
bigh2m,Found this today in Whitby. I don‚Äôt know about anyone else but I‚Äôve never seen this before! The fact the stick bloke is leaning back like he‚Äôs really going for it makes it even better!,,https://i.redd.it/8i79f8jyr2v21.jpg,1556487854.0,98,0.99,13,CasualUK,Artful_leppage
bifzh5,Cant imagine a lot of other countries having this mindset,,https://i.redd.it/x60k1oo3k2v21.jpg,1556485197.0,6840,0.97,525,CasualUK,Rammaz94
biewq3,What the hell happened to my Yorkshires??,,https://i.redd.it/4vwd71bu22v21.jpg,1556479401.0,251,0.99,73,CasualUK,runtotheparty92
biepnv,How complicated it's become just to buy a car parking ticket...,,https://i.redd.it/0l5c9xsqz1v21.jpg,1556478350.0,125,0.99,25,CasualUK,alexgreyhead
bielx1,This old chap is Guinness. He has a home but likes to hangout at Sainsbury's.,,https://i.imgur.com/3s6hZ3T.jpg,1556477801.0,458,0.99,22,CasualUK,Index_Case
bie0yc,"Now that you suggest it Google, yes I would like to nearly triple my journey time.",,https://i.imgur.com/CVl3FyD.jpg,1556474570.0,183,0.96,41,CasualUK,Jaqosaurus
bidz6h,Post Match Sheffield United Fans,[deleted],https://v.redd.it/j4b6nk8nn1v21,1556474297.0,139,0.96,25,CasualUK,[deleted]
bid4n2,A beautiful Sunday afternoon in the lakes. Heading down to Ambleside from Kirkston pass and down the struggle.,,https://i.redd.it/o1g9c64o91v21.jpg,1556469585.0,53,0.93,3,CasualUK,blueblue1228
bicybf,Absolute bargain at Primark today.,,https://imgur.com/sE1aEOe,1556468575.0,182,0.97,5,CasualUK,stolensheep
bicomo,No facilities,,https://i.redd.it/p3e71b3521v21.jpg,1556467083.0,171,0.97,10,CasualUK,cdeverett
bicfk5,"there's a dog in the pub, playing fetch with a lime.",,https://imgur.com/WxPidY1.jpg,1556465622.0,577,0.99,26,CasualUK,AdKUMA
bic0bp,The wife's 10p collection is coming along,,https://i.redd.it/52u29oagq0v21.jpg,1556463134.0,968,0.98,41,CasualUK,[deleted]
bibnvd,"Retrievers in Ashton court, Bristol",,https://i.redd.it/vl5k1pg3k0v21.jpg,1556460983.0,162,0.96,2,CasualUK,gasrovers
bibmfv,"An ideal Sunday. I put a stew on in the slow cooker at 8am this morning, had a good two hour walk round Derwent water in the Peak District. Now time for an easy drive home, is there a more ideal Sunday?",,https://i.redd.it/i24o8n5dj0v21.jpg,1556460739.0,76,0.96,17,CasualUK,hes95
bibbr2,"Just Big Ben running the London marathon, can‚Äôt get over the finish line!",,https://i.redd.it/xyg76ofld0v21.jpg,1556458795.0,149,0.98,10,CasualUK,nicbrit93
bib2dk,Rule 1 of the marathon. Wear nipple tape,,https://imgur.com/50jfHRt,1556456945.0,350,0.97,73,CasualUK,FinalNever
biazwg,Hungover - hoping for a quiet drink and this lot just came in...,,https://i.redd.it/oxsctnom60v21.jpg,1556456463.0,201,0.99,23,CasualUK,filtronstacks
biathg,John &amp; Deidre really like beans,,https://i.redd.it/v6l811qn20v21.jpg,1556455117.0,163,0.99,36,CasualUK,[deleted]
biaqfl,And here is my tea towel from First School!,,https://i.redd.it/2kqc5nak00v21.jpg,1556454452.0,90,0.98,38,CasualUK,[deleted]
biapoq,Classic. The most British thing I've seen all day,,http://i.imgur.com/fFdOZhB.jpg,1556454302.0,70,0.88,6,CasualUK,WtvrBro
bia77l,My town is beautiful in spring (:,,https://i.redd.it/scmbj3minzu21.jpg,1556450027.0,132,0.98,13,CasualUK,luciam12
bi9zqp,Ribbit üê∏,,https://i.redd.it/ijpzm7gohzu21.jpg,1556448152.0,70,0.94,7,CasualUK,Rextherabbit
bi9yr8,How quintessentially British,"So tomorrow I'm taking my wife and kids away for a week, nothing fancy but a nice family holiday. So the sister in law has taken the kids today so we can finish packing and loading the car... But one on one alone time? No kids? So today we are romantically....... cleaning the house. Because if someone broke in whilst we were gone:

""Well we wouldn't want robbers to think we live in  a tip""

...  Who said romance is dead?


Update: finished the cleaning. Got crumpet...s",https://www.reddit.com/r/CasualUK/comments/bi9yr8/how_quintessentially_british/,1556447880.0,78,0.96,10,CasualUK,towflowar
bi9ycb,My favourite sign from the London Marathon,,https://i.redd.it/6ezobbhtgzu21.jpg,1556447774.0,540,0.98,11,CasualUK,Ollymid2
bi9ldt,Has science gone too far?,,https://i.redd.it/gedinv01pru21.jpg,1556444277.0,79,0.99,10,CasualUK,spudgun81
bi9kuf,Record time,,https://i.redd.it/mmocpx6z5zu21.jpg,1556444127.0,35764,0.95,170,CasualUK,DarkMatterSpacePigs
bi9jnd,Panda Tent does what it wants,,https://i.imgur.com/tEP1gDB.gifv,1556443800.0,442,0.99,24,CasualUK,linkthesink
bi9hgk,"Day out in London led to doing the Peep Show tour, chance would certainly be a fine thing.",[deleted],https://i.redd.it/gsd5qmm23zu21.jpg,1556443151.0,241,0.97,29,CasualUK,[deleted]
bi9haa,Rate my fry up reddit,,https://imgur.com/1GTOeGz,1556443106.0,601,0.93,174,CasualUK,Sherrydon
bi9gta,Hello? Yes this is shoe.,,https://i.redd.it/86ypui3j2zu21.jpg,1556442969.0,248,0.99,27,CasualUK,Dramatiize
bi8xq7,"Went for some cheeky afternoon beers yesterday, my shoe was held hostage in the basket, whilst using the Kwak glass!",,https://i.redd.it/5ohxkt7rmyu21.png,1556437670.0,81,0.95,42,CasualUK,shunkly_jones
bi8p20,Seen on Sloane Street this morning,[deleted],https://i.redd.it/0hncwnttfyu21.jpg,1556435333.0,1348,0.98,182,CasualUK,[deleted]
bi7770,TIL Big Ben has it's own Twitter account,,https://i.redd.it/emaay8xfexu21.png,1556422777.0,280,0.94,31,CasualUK,[deleted]
bi37ld,We just had a power cut and the matches I found are older than me!,,https://i.redd.it/k90341359vu21.jpg,1556396767.0,227,1.0,27,CasualUK,NotADrug-Dealer
bi31la,Viciously threatened by Stephen Mangan,,https://imgur.com/Twfmppj,1556395748.0,176,1.0,13,CasualUK,GhanimaAt
bi2xno,Couldn‚Äôt help but laugh reading this,,https://i.redd.it/vqs7sfq74vu21.jpg,1556395105.0,60,0.96,4,CasualUK,[deleted]
bi2qoo,"I also have obsolete currency, which I found in my change the other day.",,https://i.imgur.com/tEyvChQ.jpg,1556393962.0,72,0.95,18,CasualUK,[deleted]
bi2fx5,My first trip to a UK movie theatre (Cinema),"Not from these lands and today I made my first visit to a cinema in the capital. 
I‚Äôm from New York so there were a few differences. 

A) you can take your own food in. Thank you Wilkinson pick and mix.

2) Nobody shouts and or claps  the actors who aren‚Äôt actually there on a fuckin screen . People actually sit there in silence, no phones or discussion just gasps or laughter

D) no liquid butter on popcorn. 

Actually enjoyed going to watch a movie in public again. 

What a country.",https://www.reddit.com/r/CasualUK/comments/bi2fx5/my_first_trip_to_a_uk_movie_theatre_cinema/,1556392175.0,8074,0.95,1227,CasualUK,Kingkunta87
bi2ad9,My local Tesco reduced their creme eggs to 10p each,,https://i.imgur.com/XORgh89.jpg,1556391273.0,872,0.99,96,CasualUK,vaskemaskine
bi1scp,When you‚Äôre not sure who‚Äôs the dad but you still want a photo...,,https://i.imgur.com/W86cVNS.jpg,1556388351.0,236,0.99,16,CasualUK,RealJesus2018
bi1rfl,My dad explained that he hates digging around for his Clubcard...,,https://imgur.com/7dDi6U1,1556388201.0,164,0.99,29,CasualUK,fondletime
bi1p87,Always remain vigilant,,https://i.imgur.com/W55gJX4.jpg,1556387860.0,63,0.97,8,CasualUK,RealJesus2018
bi1d03,I hate children... but not that much,,https://i.imgur.com/XGJI4pd.jpg,1556385893.0,53,0.93,5,CasualUK,[deleted]
bi13lx,When you have guests but lack a proper teapot,,https://i.redd.it/5fbamzxd8uu21.jpg,1556384405.0,94,0.99,15,CasualUK,pataniscasdetofu
bi0uvr,"Got a really dark egg in the box today, looks like a giant olive",[deleted],https://i.redd.it/saq8hv8z3uu21.jpg,1556382941.0,62,0.95,11,CasualUK,[deleted]
bi0ub5,Dave Ads always make me laugh.,,https://i.redd.it/849rnqrr3uu21.jpg,1556382850.0,1148,0.98,16,CasualUK,Pickowicko
bi0nzb,These blossoms are even making the dull back alleys look pretty,,https://i.redd.it/fxcarico0uu21.jpg,1556381813.0,199,1.0,7,CasualUK,tall_building
bi01fy,Relaxing lunch with Daughter at Frankie and Bennies,,https://i.imgur.com/AcwLfoe.jpg,1556378079.0,327,0.96,22,CasualUK,opure450
bhzqca,This is a new level of ridiculous.,,https://i.redd.it/31sr7gy1ktu21.jpg,1556376221.0,76,0.96,51,CasualUK,Righteousmilk
bhzgu9,My immature mind is very much looking forward to the ‚Äò69‚Äô vehicle registration plates coming out in the summer.,That is all.,https://www.reddit.com/r/CasualUK/comments/bhzgu9/my_immature_mind_is_very_much_looking_forward_to/,1556374519.0,83,0.95,22,CasualUK,Nobody_Cares_99
bhz3pg,Who remembers this bad lad?,,https://i.redd.it/d4v9db0b7tu21.jpg,1556371963.0,1549,0.98,72,CasualUK,newfriedn
bhyxfh,"Picked up what i thought was a 10p, turned out to be an old 5p (10p for comparison)",,https://i.redd.it/4h52l0pj3tu21.jpg,1556370675.0,121,0.99,47,CasualUK,GRIZZLYCC
bhyrvf,British passive aggressiveness at its best,,https://i.redd.it/pyqa5ga60tu21.jpg,1556369543.0,5052,0.99,75,CasualUK,Of_The_Ocean_
bhyo28,The quality of pints hasn't changed in my old student union bar,,https://i.imgur.com/9BYIoiN.jpg,1556368676.0,121,0.99,24,CasualUK,[deleted]
bhylr4,Oh well played Poundland!,,https://imgur.com/NDZD8jy,1556368138.0,67,0.95,13,CasualUK,ClintonLewinsky
bhyen9,Found a British pub in DC. Felt obliged to go in... was not disappointed. And the best thing? The door to the ‚Äúrestrooms‚Äù said ‚Äútoilets‚Äù!,,https://i.redd.it/o3tjaxkarsu21.jpg,1556366548.0,195,0.98,33,CasualUK,mpdehnel
bhya2z,I love the graffiti in my local area,,https://i.redd.it/zva3irm4osu21.jpg,1556365483.0,174,0.97,40,CasualUK,FlintyMachinima
bhy2jy,The Thames at it‚Äôs best...,,https://i.redd.it/16ql6vmnisu21.jpg,1556363642.0,114,0.94,5,CasualUK,MYD-Goes-Insane
bhxs1f,Just a lifesized Lego model of Ed Sheeran‚Äôs head,,https://i.redd.it/s7c3gwbbasu21.jpg,1556360836.0,77,0.88,16,CasualUK,Julio-Geordio
bhxoac,Anyone remember Pippin?,,https://i.redd.it/7nsswqt47su21.jpg,1556359775.0,2251,0.98,157,CasualUK,hello_August
bhxl98,"NI's dodgiest notes, the mainland will not like these...",,https://i.redd.it/n8pwpsop4su21.jpg,1556358954.0,123,0.98,49,CasualUK,plebbitspacing
bhxkwl,The importance of this was significantly overstated,,https://i.imgur.com/gW6MGl1.jpg,1556358856.0,550,0.99,121,CasualUK,custardy_cream
bhx7tn,Bruce can‚Äôt believe that I‚Äôve almost eaten the whole pack for breakfast,,https://i.redd.it/bfouj86mtru21.jpg,1556355223.0,547,0.98,72,CasualUK,djlr
bhx787,Can we report Pringles to advertising standards for suggesting you can actually fit a can into your pocket?,,https://i.redd.it/w1czxot1tru21.jpg,1556355039.0,308,0.97,36,CasualUK,docju
bhwyql,"Not that I'm bragging (OK, I might be a little!) but feeling pretty smug in storm Hannah - all bins present and correct this time. Suck it wind! ;-)","For reference: [bins holder](https://www.reddit.com/r/CasualUK/comments/bg02ye/this_years_i_want_to_enjoy_the_sun_but_get_bored/)

^^Oh ^^God, ^^has ^^my ^^life ^^really ^^come ^^to ^^this ^^- ^^happy ^^that ^^my ^^recycling ^^bins ^^are ^^still ^^OK. ^^I ^^might ^^need ^^to ^^get ^^a ^^life!",https://www.reddit.com/r/CasualUK/comments/bhwyql/not_that_im_bragging_ok_i_might_be_a_little_but/,1556352564.0,88,0.96,8,CasualUK,wirral_guy
bhww5q,"Got to visit Aston Martin the other week, as part of my fundraising. Some truly beautiful cars being made there.",,https://i.redd.it/a8cjbp3ijru21.jpg,1556351820.0,195,0.97,11,CasualUK,RunningAstonMartin
bhwqma,Finding the Tardis in Aldbourne was not quite as good as I had hoped,[deleted],https://i.redd.it/1y9z82gneru21.jpg,1556350192.0,58,0.99,11,CasualUK,[deleted]
bhwc0g,"Where did you come from, where did you go, where did you come from...",,https://i.redd.it/zvtgldm33ru21.jpg,1556346304.0,16354,0.9,283,CasualUK,Jimlad73
bhsf1t,Some beautiful cherry blossom in boom... in Stoke,,https://i.imgur.com/pAWrZwU.jpg,1556318285.0,93,0.95,8,CasualUK,monkeyboyhero
bhryb3,Andrei Kanchelskis on learning English,,https://i.redd.it/bw7xoy0sjou21.jpg,1556315594.0,629,0.99,24,CasualUK,BenAdam321
bhrqga,Went to see the bluebells at Priors Wood. Took loads of photos couldn‚Äôt decide which to post. Evidently it had to be the one with doggo in it according to my family.,,https://i.redd.it/3j5zsqb1gou21.jpg,1556314339.0,206,0.96,15,CasualUK,feenbank
bhqztv,Am I the only person watching line of duty solely via Gogglebox?,,https://www.reddit.com/r/CasualUK/comments/bhqztv/am_i_the_only_person_watching_line_of_duty_solely/,1556310210.0,60,0.94,11,CasualUK,cliveQ
bhqquz,Don't eat the pies at Morrison.. They don't like it,,https://i.redd.it/8260dxgrznu21.jpg,1556308861.0,202,0.99,13,CasualUK,conak1
bhqf1f,"Some pricks on my train were being incredibly loud and trying to Bluetooth pair to my phone... After renaming my phone to this, 8 pair requests later and sending them all an image of text explaining how they were pricks, I'm considering this a win.",[deleted],https://i.redd.it/0kfcx1cgunu21.jpg,1556307076.0,196,0.95,52,CasualUK,[deleted]
bhq9l6,"Southampton, UK. Another fine mess.",,https://i.redd.it/ag405n20snu21.jpg,1556306276.0,93,0.99,21,CasualUK,zerobenz
bhpzl7,Rievaulx Abbey - A Beautiful piece of England,,https://i.redd.it/2c1wqfcknnu21.jpg,1556304810.0,122,0.98,11,CasualUK,DailyEsportz
bhp6gc,Even your crappy village's local park gets to be beautiful sometimes,[deleted],https://imgur.com/TL6Zldl,1556300585.0,146,0.99,2,CasualUK,[deleted]
bhotoe,Out at the pub and my mum points out that the Wetherspoons app looks like the Monsters Inc logo,,https://imgur.com/42i5Gfp,1556298791.0,178,0.92,13,CasualUK,sophi3764
bhopom,Uhh thanks for letting me know!,,https://i.redd.it/yvaq2cb64nu21.jpg,1556298239.0,85,0.94,8,CasualUK,toma91
bhn3vp,Finally had some luck catching them swans then,[deleted],https://i.redd.it/wpuk8d0hfmu21.jpg,1556289958.0,463,0.96,49,CasualUK,[deleted]
bhmmap,Saw this at Heathrow Airport security. Not sure which category of Forbidden items this falls into?,,https://i.redd.it/19rwp0367mu21.jpg,1556287317.0,64,0.93,14,CasualUK,jwned
bhmd0s,"Pure class. Cheetham hill, Manchester.",,https://i.redd.it/9om1w72b3mu21.jpg,1556285840.0,395,0.98,40,CasualUK,funkie-doobie
bhmaa3,"I‚Äôm not falling for that Primark, I saw the warning videos when I was a kid.",,https://i.redd.it/e5pdtbsu1mu21.jpg,1556285376.0,60,0.92,10,CasualUK,idlewildgirl
bhlg4k,These three ducks are always together and never around any other birds in the park - they also like to stop traffic by crossing the road and quacking at the cars,,https://i.redd.it/hcs7awy3llu21.jpg,1556279722.0,90,0.96,17,CasualUK,dannydevito40
bhla4n,Solid N London job reqs,,https://i.redd.it/mfnnaycdhlu21.png,1556278470.0,85,0.93,34,CasualUK,Gany2007
bhkvsg,Sounds like my kind of establishment,,https://i.redd.it/aj5uu0jd8lu21.jpg,1556275436.0,317,0.98,18,CasualUK,avocadossuck1988
bhkve4,"It didn‚Äôt say this, but it should.",,https://i.redd.it/2polwyk38lu21.jpg,1556275344.0,175,0.95,10,CasualUK,vbloke
bhkrpu,Was looking around glasgow on google maps,,https://i.redd.it/tii6bswi5lu21.png,1556274497.0,166,0.99,17,CasualUK,[deleted]
bhkibs,A Vauxhall what?,,https://i.redd.it/7o7l16y0zku21.jpg,1556272296.0,79,0.92,13,CasualUK,Jackwiththebeard
bhkcsy,"Godspeed to my local, fags and mags, who has had the name for over 20 years. Never change!",,https://i.redd.it/j6imhegeuku21.jpg,1556270951.0,31093,0.95,898,CasualUK,Datrinity
bhk88f,I see the Met Office have been made aware that tonight is curry night for me,,https://i.redd.it/lj50th0orku21.jpg,1556269817.0,167,0.89,11,CasualUK,alexgreyhead
bhjym0,"I see your ""Mr Bit"" van, and raise you this masterpiece I saw a while back.",,https://i.redd.it/kxtk5z4lshu21.jpg,1556267303.0,488,0.98,27,CasualUK,TheeAJPowell
bhjw1z,Not going to lie... I'm tempted.,,https://i.redd.it/xgrw57x6iku21.jpg,1556266632.0,115,0.97,32,CasualUK,Powerful_Fox
bhju2z,Don't like your friend? Hire us. Consider it done.,,https://i.redd.it/34q3y3qrgku21.jpg,1556266159.0,55,0.91,1,CasualUK,bicozdenight
bhg979,"I'm so confused, I wasn't brought up this way, where is the nearest bin?",,https://i.redd.it/m8s3jro1biu21.jpg,1556240032.0,139,0.98,42,CasualUK,nubycake22
bhex0b,BBC: Avenger but make it EastEnder üíÅüèæ‚Äç‚ôÄÔ∏è,,https://i.redd.it/70zcu572nhu21.jpg,1556231949.0,217,0.96,23,CasualUK,WestIndianQueen
bhd5x8,"brought sausage roll, had no sausage in it. took it back got a new one and a free hot chocolate!",,https://i.redd.it/8wk9z0c9vgu21.jpg,1556222599.0,179,0.98,16,CasualUK,kelseyislame
bhcr2p,20+ years of eating these and it finally happened. Fucking get in!,,https://i.redd.it/hofibersogu21.jpg,1556220426.0,8941,0.96,327,CasualUK,Towndon1
bhcgt0,"I'm devastated, my dog has just started dabbing. What do I do?",,https://i.imgur.com/UtzTLeO.jpg?1,1556218944.0,133,0.95,16,CasualUK,Monsis101
bhc960,"Guys, I think I might have changed the world...",,https://imgur.com/NftjKn4,1556217850.0,308,0.96,61,CasualUK,HerrWeinerlicious
bhbtpc,Let's be honest here fellas,,https://i.redd.it/45c8ttjkagu21.png,1556215640.0,415,0.96,21,CasualUK,YaBoyGuzma2
bhatgb,Slightly presumptuous,,http://i.imgur.com/b5hhFdJ.jpg,1556210500.0,74,0.95,11,CasualUK,B_Underscore
bhar0c,Out for a relaxing drive,,https://i.redd.it/dsbv50d6ufu21.jpg,1556210145.0,73,0.94,2,CasualUK,Rich7469
bha7n6,"With no intention of _ever_ buying anything, facebook marketplace is a great source of entertainment.",,https://i.imgur.com/yU7jFUF.jpg,1556207407.0,143,0.98,17,CasualUK,SiameseDiaries
bha1gk,Found on myprotein.... Jesus.,,https://i.redd.it/hleudiedjfu21.png,1556206513.0,64,0.95,17,CasualUK,[deleted]
bh9l09,I feel like there are a lot of Peep Show fans here so I'll share a drawing I did earlier (oc),[deleted],https://i.redd.it/tl22s3wbcfu21.jpg,1556204126.0,264,0.93,12,CasualUK,[deleted]
bh99tg,I wasn't aware the Fiat Multipla could look any worse.,,https://imgur.com/6RcQDb1.jpg,1556202475.0,974,0.99,74,CasualUK,ImRussell
bh8nzn,MyHermes seems to be expanding into Tinder territory,,https://i.redd.it/74q3ocydxeu21.jpg,1556199100.0,172,0.98,23,CasualUK,limegreenbunny
bh8hp9,My friend from Germany is taking an English course and this was their lesson today: How to use ‚Äúfuck‚Äù,,https://i.redd.it/eqttzihlceu21.jpg,1556198077.0,176,0.95,18,CasualUK,DrTheRaven
bh8g2y,"Student finance, my favourite unexpected text!",,https://i.redd.it/drywt9xkteu21.jpg,1556197820.0,71,0.93,20,CasualUK,Oh_yeeah
bh7rkd,That brolly is proper useless mate,,https://i.redd.it/s1c0g5z1heu21.jpg,1556193608.0,59,0.94,6,CasualUK,[deleted]
bh7ar2,A ladybird admiring one of their works,,https://i.redd.it/p5fnvz7b7eu21.jpg,1556190333.0,108,0.98,6,CasualUK,[deleted]
bh75iu,If you look to your left you‚Äôll see a pile of shit.....no wait that‚Äôs Bristol my bad,[deleted],https://i.imgur.com/uOEvd9n.gifv,1556189299.0,69,0.81,23,CasualUK,[deleted]
bh6y01,I think this shop might have the longest name in the country.,,https://i.redd.it/69srtruezdu21.png,1556187701.0,78,0.99,14,CasualUK,chelsea9898
bh6vkf,Chocolate rabbits offer up a sacrifice of a chocolate sheep to their giant overlord,,https://i.redd.it/72mcw4zvxdu21.jpg,1556187162.0,283,0.97,7,CasualUK,therealpiemouse
bh6l5j,The 'K cider' challenge.,[deleted],https://www.reddit.com/r/CasualUK/comments/bh6l5j/the_k_cider_challenge/,1556184675.0,103,0.95,134,CasualUK,[deleted]
bh6cqb,Demolition work happening in Croydon has revealed a big old piece of art that was previously hidden.,,https://i.redd.it/pq04p110kdu21.jpg,1556182511.0,386,0.97,60,CasualUK,JimmerUK
bh66ni,Introducing the kids to a slice of happiness tonight,,https://i.redd.it/t5sjtbg5fdu21.jpg,1556180864.0,479,0.94,136,CasualUK,AntiSocialMackerel
bh6567,My uncle‚Äôs Uber driver review,,https://i.redd.it/mf9e06vwddu21.jpg,1556180443.0,16137,0.94,204,CasualUK,hadiyahxo
bh5ial,Looks like Shaun Ryder has a new gig,,https://i.redd.it/kwrb3ea3xcu21.jpg,1556174826.0,73,0.9,18,CasualUK,Pancake-Marathon
bh5hvi,I watched Spice World last week for the first time and it's a mad caricature of 90s cool Britain,[deleted],https://www.reddit.com/r/CasualUK/comments/bh5hvi/i_watched_spice_world_last_week_for_the_first/,1556174728.0,53,0.96,37,CasualUK,[deleted]
bh0g7b,Answer me these questions three,[deleted],https://i.redd.it/7q1tp0dju4u21.jpg,1556142296.0,122,0.89,35,CasualUK,[deleted]
bgzv8r,Seized my opportunity today at work,,https://i.redd.it/0uphw93bz9u21.jpg,1556139248.0,1196,0.98,41,CasualUK,Rancidtybag
bgzaat,Facebook buying/selling pages in a nutshell...,,https://i.redd.it/1ah9fpfdq9u21.png,1556136226.0,175,0.97,26,CasualUK,sir_lukealot
bgz7ke,Some might say this is a bit shit but I've seen Stranger Things...,,https://v.redd.it/p7gwd3oao9u21,1556135886.0,3063,0.98,88,CasualUK,panicky_in_the_uk
bgz63u,I‚Äôm feeling so much irrational pride after watching eight guys recreate the Red Arrows display in Grand Theft Auto!,,https://youtu.be/LEYkxZSIBko,1556135645.0,83,1.0,11,CasualUK,ron_mcphatty
bgyxwz,"For someone who's worked in a school for 15 years, I have a passionate hate for people sometimes...","Sorry about this but I need a moan.

I work in IT support in a school which, as anyone in the same line of work will attest to, is the lowest of the low. Appreciation is in short supply and people do their very best to explain to you *why* they need something to work without actually telling you what the problem is and then disappear in a huff when you can't fix it in two minutes.

We've had a **major** issue today with printers and servers and whatnot and, for the most part, I've appreciated everyone's patience but one or two have wound me up something rotten. To them, I (as in me, personally) have completely ruined their day.

... and to top it all, when I explained to my line manager that I need a bit of breathing space, I was told to ""give them the benefit of the doubt. They're under a lot of pressure when they're in front of the class and something isn't working"". I'm so glad I kept my cool.

I'm not going to continue but that's it in short. I needed a few sentences to let off steam... (and breathe)",https://www.reddit.com/r/CasualUK/comments/bgyxwz/for_someone_whos_worked_in_a_school_for_15_years/,1556134501.0,54,0.89,40,CasualUK,withoutmotive
bgyr9y,Does anyone remember having rolls of tracing paper as toilet tissue in schools back in the early 90's?,What was that about?? I hope this is not something we are still inflicting upon people?,https://www.reddit.com/r/CasualUK/comments/bgyr9y/does_anyone_remember_having_rolls_of_tracing/,1556133576.0,69,0.97,48,CasualUK,SearchLightsInc
bgxpw3,"I finished work 30 minutes ago, I should be angry but I am not...",,https://v.redd.it/7hci0ypz29u21,1556128363.0,108,0.96,101,CasualUK,iamsalmaan
bgx7oh,"When the ""stars"" align.",[deleted],https://i.redd.it/bjk1pksdv8u21.png,1556125799.0,102,0.94,12,CasualUK,[deleted]
bgx6f3,You need what now? üò∂,,https://i.redd.it/wt5wze3wu8u21.jpg,1556125624.0,66,0.92,12,CasualUK,ch037866
bgwmc8,ocacadcom van is here,,https://i.imgur.com/g941IRa.jpg,1556122878.0,77,0.98,5,CasualUK,feelsafe
bgw307,The Kelpies in Falkirk truly are a sight to see!,,https://i.redd.it/u0swh1lte8u21.jpg,1556120216.0,157,0.98,14,CasualUK,UnpreparedSugar
bgvm36,"Who else lives near a bluebell carpet? Photos just do not do it justice, it‚Äôs breathtaking",,https://i.redd.it/t8x3n25t78u21.jpg,1556117860.0,298,0.99,38,CasualUK,Miss-Hell
bguueo,My local Wetherspoons with a picture of King James 11th,,https://i.redd.it/5h07bqikv7u21.jpg,1556113783.0,55,0.92,6,CasualUK,eurfryn
bgtwz9,"Brighton, UK",,https://i.redd.it/33xukr9hf7u21.jpg,1556108335.0,244,0.94,34,CasualUK,gthief
bgtpsh,Just found out that my egg donation was successful!,"I donated my eggs a few years back and decided to call today for an update, and discovered that the couple have now got a two year old son! I am over the moon for them, and I really needed some positive news right now! Happy to answer any questions anyone may have :)

Edit: thank you so much for all your kind words everyone, and thank you for the gold and silver! I wasn‚Äôt seeking praise by posting this, but it is much appreciated! Just trying to raise a bit of awareness :)",https://www.reddit.com/r/CasualUK/comments/bgtpsh/just_found_out_that_my_egg_donation_was_successful/,1556107109.0,465,0.97,51,CasualUK,Killawatts24
bgtf5s,Nice to see Elton John branching out.,,https://i.redd.it/s28rj9vny6u21.jpg,1556105164.0,293,0.99,13,CasualUK,Eliteclarity
bgsam2,Opened my front door and saw this,,https://i.redd.it/3ayv44dxe6u21.jpg,1556096036.0,185,0.99,38,CasualUK,spboss91
bgs037,When you go home to your parents house and they don‚Äôt like throwing things away,,https://i.redd.it/cy4ynz7r66u21.jpg,1556093289.0,231,1.0,41,CasualUK,nicbrit93
bgruxw,Declining Coastal Town Can't Wait To Become GCSE Geography Case Study,,https://www.thetoot.co.uk/news-2/declining-coastal-town-can-t-wait-to-become-gcse-geography-case-study,1556092032.0,413,0.98,83,CasualUK,toot_toot__
bgr5pn,Wishing you all a kind day,:),https://www.reddit.com/r/CasualUK/comments/bgr5pn/wishing_you_all_a_kind_day/,1556086179.0,239,0.95,55,CasualUK,Apterygiformes
bgqvxu,Someone has had enough..,,https://i.redd.it/6fy8vfycf5u21.jpg,1556084076.0,121,0.99,11,CasualUK,[deleted]
bgm6mv,A guide to Icepoles,,https://i.redd.it/dmh0ffbs33u21.jpg,1556055969.0,281,0.96,58,CasualUK,AntiSocialMackerel
bglq8n,Still got a sense of humour,,https://i.redd.it/la5akq0rw2u21.jpg,1556053609.0,128,0.99,5,CasualUK,mark7183
bglekc,Absolutely nothing in this world better than a cheese on toast supper,,https://i.redd.it/ggo0h8nsr2u21.jpg,1556051993.0,72,0.9,48,CasualUK,withoutmotive
bgklbr,This loud mouthed cock kept giving me the eye at the pub yesterday.,,https://i.redd.it/66xyhfyof2u21.jpg,1556047874.0,282,0.98,18,CasualUK,freshwatermole
bgjok0,This guy is meeting his fate tonight,,https://i.imgur.com/3AnUMy3.jpg,1556043205.0,185,0.99,25,CasualUK,withoutmotive
bgin97,Standard at nightclubs across the UK....,,https://v.redd.it/pnege8yksyt21,1556037976.0,80,0.95,23,CasualUK,andyv001
bgiix8,Got up at 3.30am yesterday to climb Snowdon,,https://i.redd.it/jv8x8ypjk1u21.jpg,1556037394.0,180,0.98,24,CasualUK,shunkly_jones
bgi7vo,"Panda pops may have changed its recipe, Fredos May have gone up in price, but if there‚Äôs one thing that has remained true it‚Äôs these bad boys. Long live the chipsticks",[deleted],https://i.redd.it/encou0vwf1u21.jpg,1556035858.0,1052,0.99,101,CasualUK,[deleted]
bgi0yk,This is what Jesus died for. 50% off Easter Eggs.,,https://imgur.com/gallery/f7cqoTW,1556034925.0,93,0.94,16,CasualUK,xenochria
bghr34,Debris left after the Hyde Park 420 event - subsequently cleaned up by 'Swampy' and the Extinction Rebellion crew... There are no words!,,https://i.redd.it/tlhst97u81u21.jpg,1556033547.0,431,0.96,97,CasualUK,watchman62
bghdre,Best way to spend the bank holiday near Keswick,,https://i.redd.it/dq6dnumf31u21.jpg,1556031650.0,193,0.97,8,CasualUK,Daytimepringle
bghcv8,Sun's out bun's out,,https://i.redd.it/malrv81331u21.jpg,1556031523.0,1043,0.99,33,CasualUK,Cult-Promethean
bgh9jy,Went to get some milk from the fridge then this. My SO. Sometimes I wonder.,,https://i.redd.it/cgoy2z7m11u21.jpg,1556031029.0,163,0.96,75,CasualUK,turtleheed
bggf1w,No luck catching them swans then?,,https://i.redd.it/p34kyuygn0u21.jpg,1556026343.0,416,0.98,45,CasualUK,pixelscripts
bgfrw3,Beer festival I went to recently.,,https://imgur.com/DELMAWt,1556022427.0,71,0.95,21,CasualUK,bastoise
bgfnx9,Another classic visit from the binman,,https://i.redd.it/f7bbmf0x90u21.jpg,1556021718.0,114,0.96,31,CasualUK,Nattster123
bgfgwg,James Blunt with another epic tweet reply.,,https://twitter.com/JamesBlunt/status/1120363511014674432,1556020451.0,116,0.95,21,CasualUK,ruperthackedmyphone
bgfbvb,"Gonna leave this here, in case anyone wants it.",[deleted],https://i.redd.it/s11vx4md30u21.jpg,1556019516.0,192,0.97,12,CasualUK,[deleted]
bgfb5e,"Aye you didn't like that one, did you lads?",,https://i.redd.it/50ut178u20u21.png,1556019376.0,53,0.86,6,CasualUK,JohnRCC
bgf2tu,FYI: It's NOT St Georges Day because Saints' days are not celebrated in the Octave of Easter. The feast is translated to 30th April this year.,,https://www.reddit.com/r/CasualUK/comments/bgf2tu/fyi_its_not_st_georges_day_because_saints_days/,1556017699.0,84,0.91,24,CasualUK,[deleted]
bget76,"For over a year, I've been trying to get Leeds Corn Exchange to exchange my corn. Herein lies the tragic tale of my progress so far.",,https://imgur.com/a/43WILmC,1556015578.0,387,0.9,61,CasualUK,loudribs
bgesdj,/r/CasualUK Moderator positions: We're hiring!,[deleted],https://www.reddit.com/r/CasualUK/comments/bgesdj/rcasualuk_moderator_positions_were_hiring/,1556015419.0,59,0.91,0,CasualUK,[deleted]
bgea6o,Not a bad view from the ‚Äúoffice‚Äù today,,https://i.redd.it/n9jj1bysezt21.jpg,1556011251.0,98,0.96,16,CasualUK,clouddyl
bge70j,Lovely day for a drive to Kendal and Ambleside yesterday. So lucky to have such beautiful places and history on our doorsteps.,,https://i.redd.it/nldxu3hlczt21.jpg,1556010507.0,97,0.98,0,CasualUK,youknowshelovesthatd
bgdyxm,Saw this in a pub over the bank holiday weekend,,https://i.redd.it/8a6be65p6zt21.jpg,1556008526.0,175,0.93,52,CasualUK,Clarkywithacarkey
bgdyra,"My job has its perks. Constantine Bay, Cornwall",,https://i.redd.it/fk905qsl6zt21.jpg,1556008490.0,67,0.96,18,CasualUK,cornishmadman
bgdvwi,Special delivery,,https://i.redd.it/h63xynsi4zt21.jpg,1556007790.0,1086,0.99,48,CasualUK,AuRon_The_Grey
bgdlrm,Dundonian graffiti perfectly captures the gull menace,,https://i.redd.it/vmaf3987xyt21.jpg,1556005339.0,146,0.99,16,CasualUK,GrunkleCoffee
bgdfx2,Artist‚Äôs impression of the new speed bumps they‚Äôve installed on an estate I cut through for work,[deleted],https://i.redd.it/ud946kedtyt21.jpg,1556004038.0,7864,0.96,294,CasualUK,[deleted]
bgdd40,I think they‚Äôre closed,,https://i.redd.it/esgy08qlryt21.jpg,1556003453.0,215,0.97,16,CasualUK,thenuggetscale
bgbnfe,Dundee scores!,,https://i.redd.it/cfanjysmqwt21.jpg,1555991213.0,83,0.95,6,CasualUK,[deleted]
bg88dd,A note a friend spotted on a car down his street!,,https://i.imgur.com/AveVfc1.jpg,1555971506.0,94,0.91,63,CasualUK,prodEW
bg7vg0,Only the finest souvenirs being sold on the beaches in Cornwall,,https://i.redd.it/3hsyfu3xyvt21.jpg,1555969586.0,118,0.97,16,CasualUK,WhoreDragon
bg7vc2,Easter Monday watching a bloke stuff himself into a balloon.,,https://i.redd.it/sfwy5u2vyvt21.jpg,1555969571.0,58,0.96,9,CasualUK,Briski80
bg7p9x,My thoughts when the latest Marvel tv series was named ‚ÄòWandaVision.‚Äô,,https://i.redd.it/lc2fgs4cwvt21.jpg,1555968716.0,58,0.92,8,CasualUK,GuiltChip
bg6ron,F**k this NPC height restriction bar in particular,,https://v.redd.it/kfc2vihwfvt21,1555963977.0,179,0.95,22,CasualUK,EsDblYou
bg6opu,Only?? WOW!,,https://i.redd.it/ic69jbixgvt21.jpg,1555963534.0,211,0.98,17,CasualUK,bounie
bg6kxj,I saw a tiny horse next to the road and decided to feed it.,,https://i.redd.it/f9xtgclbfvt21.jpg,1555962994.0,210,0.97,37,CasualUK,gibgod
bg6a0t,UK new builds leave very little to the imagination,,https://i.redd.it/in99vu7ravt21.jpg,1555961461.0,312,0.97,35,CasualUK,scammels23
bg65z3,Lulworth cove on Easter Sunday,,https://i.redd.it/4dblaur09vt21.jpg,1555960890.0,92,0.96,7,CasualUK,PM_ME_DERMATOLOGY
bg65a4,A show lost in time: Unbeatable Banzuke. Anyone else know this? None of my friends have a clue and I feel like I‚Äôm the only one who remembers good old Bazuke Brian.,,https://i.redd.it/l0eh4ofs8vt21.jpg,1555960797.0,111,0.98,20,CasualUK,Luc-Hart-
bg50z3,"First barbecue of the year, and a bird shits on my burger.","Not even five minutes after I said ""so annoying there were only two of those burgers left, they look amazing"" and he hits the absolute bullseye. Such a good shot I can't even be angry: https://imgur.com/ghYqnd2",https://www.reddit.com/r/CasualUK/comments/bg50z3/first_barbecue_of_the_year_and_a_bird_shits_on_my/,1555955126.0,141,1.0,20,CasualUK,Chilton_Squid
bg4y2j,"Not bad, Norfolk, not bad.",[deleted],https://i.redd.it/uxmehwsoqut21.jpg,1555954727.0,101,0.98,13,CasualUK,[deleted]
bg4uc0,Rare!,,https://i.redd.it/hmoyzgp5put21.png,1555954203.0,76,0.93,11,CasualUK,JackBaldy0161
bg4qzb,Absolutely lovely view of Brighton pier,,https://i.redd.it/jfwsqjjsnut21.jpg,1555953737.0,120,0.93,8,CasualUK,sirbeefer
bg4jv8,He looks it,,https://i.redd.it/25p7yjewkut21.jpg,1555952762.0,9324,0.97,121,CasualUK,Julio-Geordio
bg4eb8,Found a local place for local people,,https://i.redd.it/s5o1xrykiut21.jpg,1555951986.0,66,0.95,15,CasualUK,Av2LeaveAspace
bg3vcq,Beautiful bluebells bathed in the British Easter Monday Bank Holiday sunshine.,,https://i.redd.it/62z6dx1haut21.jpg,1555949261.0,256,0.98,12,CasualUK,robshine1967
bg2p5g,The best thing about Easter is the post Easter discount. ¬£8 worth right there.,,https://i.redd.it/cgysojb1stt21.jpg,1555943060.0,74,0.91,29,CasualUK,Harry_monk
bg2avp,That's some nest mate,,https://i.redd.it/jaq9g3afltt21.jpg,1555940866.0,90,0.97,1,CasualUK,stephenlikestoast
bg26xw,Britain's three elite institutions,,https://i.imgur.com/fj98vxO.jpg,1555940214.0,1246,0.99,30,CasualUK,aldahuda
bg1y8g,How to sunbathe in the UK,,https://i.redd.it/4mcdehhl5tt21.jpg,1555938733.0,152,0.95,4,CasualUK,Arsewipes
bg1t9v,Anybody remember 'My Hero' on BBC?,"Starred Ardal O'Hanlon as an Ultronian sent to Planet Earth to be a superhero. Falls in love with some girl in Northolt who is a nurse working for a Doctor played by Hugh Dennis.

Then Ardal O'Hanlon loses his body, and he becomes James Dreyfus.

Fucking fantastic show, yet the BBC have not released anything more than the first couple of series on DVD.

It must have been successful, it had like 6 series?",https://www.reddit.com/r/CasualUK/comments/bg1t9v/anybody_remember_my_hero_on_bbc/,1555937897.0,72,0.92,18,CasualUK,[deleted]
bg1o21,This legend playing Mario music in the middle of Cardiff,,https://i.redd.it/lg01nr3w9tt21.jpg,1555936968.0,122,0.96,13,CasualUK,[deleted]
bg1f77,Clearing out the loft is a goldmine,,https://i.redd.it/lv9qwq8h5tt21.jpg,1555935475.0,76,0.97,20,CasualUK,Pumptruffle
bg1dm1,enjoying the view at flamborough head,,https://i.redd.it/5klnvqyn4tt21.jpg,1555935203.0,58,0.93,7,CasualUK,secretlya_lizard
bg18q1,Something I found on Reddit today...,[deleted],https://i.redd.it/21es2eh52tt21.jpg,1555934351.0,90,0.96,13,CasualUK,[deleted]
bg12pf,This old Smarties tube I found in my loft.,,https://i.redd.it/iyvtutfwyst21.jpg,1555933259.0,111,0.92,14,CasualUK,Pumptruffle
bg0zgq,Marvel: 'Infinity War is the most ambitious crossover event in history' Me:,,https://i.redd.it/ziwszbu1xst21.jpg,1555932637.0,498,0.99,9,CasualUK,nai_nagitsoc
bg0tre,Why do radio stations even bother getting people to phone in? It's not like you can ever hear a damn thing,"""Alright welcome back to Radio one it's your boy Grimmy and today we're playing &lt;moderately amusing contest matching opinion against fact&gt; and we've got... Alice on the line, Alice what's your opinion on &lt;topical subject&gt;?""


YAAARJGHHGHAAA EIIIIIEE AHAHAHAH BLAAOADGAHEEGGGESSSSGGHHFFFFFFFF MUM SAIS ITSHAHAOANAGANAMA


&gt;Grimmy laughs hysterically then plays the latest hot tune from generic London estate rapper man\#4",https://www.reddit.com/r/CasualUK/comments/bg0tre/why_do_radio_stations_even_bother_getting_people/,1555931528.0,62,0.88,22,CasualUK,AHeroicLlama
bg0fkj,3kg each. Was tempted. Very tempted.,,https://i.redd.it/vedxi1hikst21.jpg,1555928419.0,91,0.92,28,CasualUK,vbloke
bg03by,First vegetable for a few days. Body may reject this foreign invasion.,,https://i.redd.it/fbnj70l2cst21.jpg,1555925606.0,152,0.93,20,CasualUK,rebeccabrixton
bg02ye,This year's 'I want to enjoy the sun but get bored sitting there' project - a recycling bin frame to stop them flying away at the slightest breath of wind.,,https://i.redd.it/8xb3hx8nbst21.jpg,1555925526.0,478,0.99,42,CasualUK,wirral_guy
bfzz7k,Informative sign at my local.,,https://i.redd.it/184crqz79st21.jpg,1555924661.0,702,0.99,18,CasualUK,TWI2T3D
bfzwco,Scary arse smelling bridge.,,https://i.redd.it/7ecty30b7st21.jpg,1555923976.0,120,0.96,14,CasualUK,AndyT900
bfzhn1,Too many Easter eggs? Fed up of just eating them. Stick some chocolate angel delight inside and sprinkle some flake on top then you have an instant high class pudding. Sorry for the quality it's taken on a potato smartphone.,,https://i.redd.it/8m0uchbewrt21.jpg,1555920308.0,567,0.95,70,CasualUK,Ibbillyjoe
bfz98k,I think this wetherspoons warrior has had one pint too many...,,https://v.redd.it/qonjxkmecpt21,1555918227.0,592,0.98,75,CasualUK,lordoffoleshill
bful88,"Here we are in the local, raising money for Cancer Research UK. Whilst also getting shittered!",,https://i.redd.it/007tcy3x2pt21.jpg,1555886184.0,73,0.9,6,CasualUK,SirTimmons
bfukkh,A picture-perfect Sunday night to crown my Easter break in Scotland,,https://i.redd.it/l542c6em2pt21.jpg,1555886087.0,510,0.99,24,CasualUK,wltzzz
bftgvh,"I think that's just the wind, mate",,https://i.imgur.com/xD6c9To.jpg,1555879861.0,1728,0.99,16,CasualUK,Dank_Edits
bfsyvw,"Went out to buy Milk today, ended up in the Peak District (Fox House) such a beautiful day! (That‚Äôs Betty in the pic, 1964 Series 2)",,https://i.redd.it/2zut2hysbot21.jpg,1555877062.0,58,0.92,10,CasualUK,bubba2000art
bfstcn,"Replaced an old friend today. Over the last 10 years this guy has seen us through house moves, job changes a wedding and 2 children.",,https://imgur.com/WzX3xRM.jpg,1555876219.0,262,0.97,49,CasualUK,featurenotabug
bfsmxj,"My Easter Sunday definitely underrepresented on social media. Didn‚Äôt leave the house or spend time in the sun and instead laid on the sofa, in the dark, for whole day, watched Jurassic Park, ate a shit tonne of chocolate eggs &amp; now waiting for a curry.",,https://www.reddit.com/r/CasualUK/comments/bfsmxj/my_easter_sunday_definitely_underrepresented_on/,1555875222.0,961,0.98,65,CasualUK,Nina_good
bfsa7b,White cliffs looking stunning today. Nice day for a coast walk.,,https://i.redd.it/2ocezz9j0ot21.jpg,1555873274.0,70,0.96,1,CasualUK,clausy
bfrz3d,Good humour on the Southern train today! Almost made up for it being late,,https://i.redd.it/n647u3eivnt21.jpg,1555871583.0,151,0.96,8,CasualUK,t0by1ken0bi
bfrlan,May as well have put #adulting on there somewhere. In Swindon.,,https://i.redd.it/lwy2fh0apnt21.jpg,1555869510.0,112,0.95,7,CasualUK,gemmegg
bfrgrk,"Ahhh, Cumbria.",,https://i.redd.it/zjztscobnnt21.jpg,1555868835.0,266,1.0,7,CasualUK,probably-alone
bfrciu,It‚Äôs barbecuin‚Äô season!,,https://i.redd.it/5bm9nrbdlnt21.jpg,1555868174.0,261,0.96,35,CasualUK,GeoffB94
bfr2l8,"‚ÄúF it we‚Äôre climbing this thing!‚Äù - those ducks , Northumberland",,https://i.redd.it/v2a44z3rgnt21.jpg,1555866663.0,83,0.99,7,CasualUK,holycrapitsyou
bfqiuf,I know the weather is good but...,,https://i.redd.it/30ajzi638nt21.jpg,1555863708.0,116,0.98,16,CasualUK,robottricycle
bfq938,"CasualUK, show me your GhettoQ's on this sunny day. Here's mine.",,https://i.imgur.com/ieL4gnt.jpg,1555862222.0,80,0.95,6,CasualUK,Melair
bfq2fc,Yes.,,https://i.imgur.com/fi3GNjx.jpg,1555861143.0,2154,0.99,40,CasualUK,youessbee
bfpye8,The 'Sunday roast bagguete' served at my sisters Caf√©. A thing of beauty,,https://i.redd.it/1z3rv83iymt21.jpg,1555860486.0,347,0.95,40,CasualUK,HarryGoLocky
bfpsff,"Saw this on /r MapPorn. I thought it would get more appreciation here, as it is clearly British slang.",,https://i.redd.it/xxuxe5v49mt21.jpg,1555859485.0,58,0.97,19,CasualUK,theeskimospantry
bfpc17,Easter religious joke,,https://i.redd.it/1v6tfppgnmt21.jpg,1555856796.0,84,0.98,0,CasualUK,Jigidibooboo
bfp68p,"As much as I appreciate getting my Easter egg, when did Yorkie mugs get so small and dainty?",,https://i.redd.it/f93w17ghkmt21.jpg,1555855782.0,67,0.95,16,CasualUK,Rooferkev
bfok1j,"Hope you guys are enjoying the sun as much as us!! Burgers direct from a wimborne farm, BBQ in the sun. Heaven.",[deleted],https://i.redd.it/6a0qauu58mt21.jpg,1555851625.0,91,0.96,17,CasualUK,[deleted]
bfoaui,‚ÄúKnow your servings‚Äù as if the entire thing survives past tea time... happy Easter!,,https://i.imgur.com/aif9EHK.jpg,1555849681.0,151,1.0,22,CasualUK,Captaincadet
bfoass,Couple of weeks ago at Blenheim palace,,https://i.redd.it/qmve366a2mt21.jpg,1555849671.0,187,1.0,7,CasualUK,[deleted]
bfo8a4,One of my favourite finds at a charity shop: A Monster Munch pencil case,,https://i.redd.it/3qhe3ufn0mt21.jpg,1555849098.0,104,1.0,16,CasualUK,[deleted]
bfo692,Happy Easter,,https://i.redd.it/06hruvpbzlt21.jpg,1555848652.0,125,0.95,17,CasualUK,hollyviolet96
bfnzsg,On the highway to hell,,https://i.redd.it/2bjjvwywult21.jpg,1555847169.0,200,1.0,17,CasualUK,pandajam_
bfnpes,I see it everywhere,,https://i.redd.it/3aeeetrcnlt21.jpg,1555844629.0,73,0.99,1,CasualUK,Machiavellian3
bfnotd,5 years of asking Thornton's to personalise my mum's easter egg,,https://imgur.com/a/bckT1Bc,1555844481.0,244,0.98,22,CasualUK,kc_sharky
bfnoaf,"From my mother-in-law: ‚ÄúYou love beer, and these had nice gold cans so I bought them for you!‚Äù",,https://i.redd.it/olqdk3himlt21.jpg,1555844345.0,81,0.98,44,CasualUK,DrNickW
bfnlyf,For the past 10-12 years I have been doing this as a traditional Easter breakfast for myself.,,https://i.imgur.com/BMp8HQl.jpg,1555843711.0,2089,0.98,135,CasualUK,[deleted]
bfnlb2,What a bargain! 15p for 100 sh*ts!,,https://i.redd.it/oebnoj04klt21.jpg,1555843536.0,158,0.95,5,CasualUK,vmachine89
bfnj1y,Monkey Dust - The best dark comedy that just wouldn‚Äôt fly today,,https://youtu.be/9A2Tqp05LZQ,1555842917.0,57,0.94,59,CasualUK,odiedodie
bfncet,It's snowing cherry blossom petals in London,,https://i.redd.it/liwtlxbwclt21.jpg,1555841109.0,95,0.84,14,CasualUK,odetocapitalism
bfn5mw,Looking for a Year 11 boy I met on a train (2),,https://i.redd.it/l8j0npz57lt21.jpg,1555839183.0,284,0.91,84,CasualUK,ciaragray321
bfmwhw,Happy 93rd birthday to this legend of a great grandma,,https://i.redd.it/ihz38vvmzkt21.jpg,1555836649.0,520,0.89,53,CasualUK,[deleted]
bfmmvc,Claire‚Äôs Accessories...,,https://i.redd.it/e1ylwoiorkt21.jpg,1555833973.0,23233,0.95,606,CasualUK,sentient_courgette
bfmme5,He is Risen...,Showered and dressed before 10am on a Sunday. I must be getting old and sensible.,https://www.reddit.com/r/CasualUK/comments/bfmme5/he_is_risen/,1555833840.0,81,0.97,14,CasualUK,Loreki
bfmb00,A non-alcoholic free spirit. Free of non-alcoholic is usually how I like all of my spirits,,https://i.redd.it/4ovipmnthkt21.jpg,1555830660.0,71,0.9,13,CasualUK,bluechu02
bfm4lz,Poor old Bungle,,https://i.redd.it/d4r59qewckt21.jpg,1555829003.0,1459,0.97,33,CasualUK,spudgun81
bfm30r,"Beer garden, east Manchester.",,https://i.redd.it/sathl0aobkt21.jpg,1555828595.0,1414,0.99,116,CasualUK,quosh
bfly1i,Typical post hot day debris in the park - no more room in my bags... sigh !!!,,https://i.redd.it/bumqi7kt7kt21.jpg,1555827304.0,1063,0.98,63,CasualUK,watchman62
bficvz,Got some new neighbours,,https://i.imgur.com/1ECo1hy.jpg,1555802071.0,185,0.99,21,CasualUK,cubbish
bfi9c9,A thoroughly content Yorkshire lass hiding her eggs,,https://i.redd.it/60i41dhg2it21.jpg,1555801434.0,105,0.99,2,CasualUK,[deleted]
bfhwqq,Madness on Easter weekend,,https://i.imgur.com/kyhzbXn.jpg,1555799228.0,79,0.86,15,CasualUK,YUNoLetMeHaveName
bfhbys,Spring in Ealing,[deleted],https://i.redd.it/1ldkxqy2mht21.jpg,1555795775.0,195,0.89,15,CasualUK,[deleted]
bfgu0q,"Lovely day for a walk in Bolton, Lancashire.",,https://i.redd.it/h6ufnk08dht21.jpg,1555792884.0,87,0.99,19,CasualUK,Jordica99
bfgmcl,"All units, head to Langley immediately for a chance to relive Hot Fuzz.",,https://i.redd.it/lqbubw1w9ht21.jpg,1555791670.0,142,0.96,20,CasualUK,MakkiChan
bfgijf,¬£3 for this bloody hell I love this country,[deleted],https://i.redd.it/90kft9738ht21.jpg,1555791065.0,528,0.98,71,CasualUK,[deleted]
bffvcr,You know your town is a bit behind the times when they've opened a Wimpy in the past year,,https://i.imgur.com/VT97qaA.jpg,1555787497.0,162,0.98,74,CasualUK,GoatFuckYourself
bffm7b,Do you think this might be an undiscovered Banksy?,,https://i.redd.it/i0hyl1nqsgt21.jpg,1555786081.0,475,0.98,16,CasualUK,iquimo
bfffaf,I'm on serious retro snack binge! These are so good still,,https://i.redd.it/864ypgj4qgt21.jpg,1555785028.0,208,0.97,41,CasualUK,allthekos
bff7xd,You can always tell when it‚Äôs nice weather round these parts,,https://i.redd.it/6e9mvgmtmgt21.jpg,1555783913.0,75,0.97,13,CasualUK,deadshikari
bfeyaa,"The Piece Hall, Halifax. When they said it's grim up North, they lied.",[deleted],https://i.redd.it/ijjhh5gmigt21.jpg,1555782505.0,129,0.96,27,CasualUK,[deleted]
bfeqq8,This guy dropped into my garden just now,,https://i.imgur.com/enCrVKm.jpg,1555781417.0,79,0.98,41,CasualUK,hughjanus1
bfdvh3,Just after 5pm and my brother has been following the sun round the garden. Now he's moaning about how he can't get any wifi anymore.,[deleted],https://i.redd.it/a8d4tkcy1gt21.jpg,1555776904.0,652,0.97,62,CasualUK,[deleted]
bfd5ct,It‚Äôs 21 degrees in Preston and this guy has no top on. What????,,https://i.redd.it/w40xfmnwpft21.jpg,1555772844.0,60,0.94,16,CasualUK,seedylfc
bfczb2,"Moved into my flat winter last year and, as it turns out, my shitty little garden is a sun-trap! Making the most of it this weekend.",,https://i.redd.it/c45s1fm2nft21.jpg,1555771890.0,98,0.97,18,CasualUK,benanderson89
bfcs1s,The years first heat wave has had a deleterious effect on this white rabbit,,https://i.redd.it/rico1jxhjft21.jpg,1555770690.0,492,0.99,42,CasualUK,Caxtoncottage
bfcnle,"Sitting at the pub thinking ""kids now days don't know what we used to have""",,https://i.redd.it/ykgfk359hft21.jpg,1555769937.0,169,0.98,47,CasualUK,monkey_tastic
bfbzv4,Ads nowadays,,https://i.redd.it/69f2zxvf4ft21.jpg,1555765629.0,157,0.99,12,CasualUK,rosseepoo
bfbrn6,This is absolutely the best type of weather and time of year.,"It‚Äôs hot, but not *too* hot. If you want to get a suntan you can, as UV light is strong enough. But if you want to stay inside all day, you can, as it‚Äôs not uncomfortably sweltering, a few windows open is all you need.

The temperature drops low enough at night to still allow you to sleep, but you don‚Äôt need the heating on.

The day is long, but not so long that birds start chirping at 2am. There is still a comfortable distinction between night and day, rather than just a continuous twilighty glow that you get in June.",https://www.reddit.com/r/CasualUK/comments/bfbrn6/this_is_absolutely_the_best_type_of_weather_and/,1555763956.0,369,0.97,66,CasualUK,Adam657
bfbppo,When someone asks me what I look for in a woman.,,https://i.redd.it/ez8unxr9yet21.jpg,1555763550.0,1397,0.97,42,CasualUK,Vaultaire
bfbnqj,"I really don't think you should, they don't like it.",,https://i.imgur.com/Hu9NWt9.jpg,1555763124.0,164,0.9,10,CasualUK,theartofrolling
bfba8c,"It was a lovely sunrise today up in tynemouth, the picture was taken by someone else in the group, and only my paddles in it",,https://i.redd.it/5xcx9odynet21.jpg,1555760079.0,62,0.97,2,CasualUK,hary11111
bfb98h,"Seen in Hull, how long until America invades?",,https://imgur.com/5QoGBl5.jpg,1555759844.0,347,0.98,33,CasualUK,pikadrew
bfb54q,My 6 year old's drawing of a unicorn on the beach.,,https://i.redd.it/oxajgiu9ket21.jpg,1555758850.0,168,0.98,12,CasualUK,gfunk1976
bfb1vj,The Severn Bridge at sunset yesterday.,,https://i.redd.it/k78be30xhet21.jpg,1555758050.0,119,0.99,6,CasualUK,AFX28organ
bfaz46,When you remember that Mr Blobby killed the town of Morecambe,,https://i.redd.it/syqfg1nufet21.jpg,1555757354.0,57,0.91,8,CasualUK,TheNorthernJevans
bfasy0,My husband's first instinct upon seeing a new magazine is always to deface the people. His current favourite version is cartoonising them into slightly terrifying versions of themselves.,,https://i.imgur.com/imPYXXu.jpg,1555755738.0,265,0.99,35,CasualUK,Gradstudentcons
bfarfy,Evening Starlings over Aberystwyth,,https://i.imgur.com/UIeYY9y.jpg,1555755346.0,81,0.98,5,CasualUK,AdhesiveHagfish
bfapzb,"Swallows are currently flying 6000 miles back from South Africa, many to the exact same nest on the exact same building, and it blows my mind",[deleted],https://i.redd.it/ewbn8e8o8et21.jpg,1555754941.0,74,0.96,6,CasualUK,[deleted]
bfamiy,Make your minds up,,https://i.redd.it/7afvcj4w5et21.jpg,1555754013.0,94,0.99,4,CasualUK,RickyFoyle
bfa228,Fingers crossed Parisians,,https://i.redd.it/kw3t9qi7pdt21.jpg,1555748394.0,4381,0.99,186,CasualUK,JapheadEUWest
bf9jy8,Imagine phoning the police to complain about the traffic on a bank holiday weekend,,https://imgur.com/9KgBblR,1555743662.0,475,0.98,49,CasualUK,garprice05
bf9ix6,"While out for a walk yesterday, I discovered a park next to my estate that I had no idea existed. I‚Äôve lived here for 9 months...",,https://i.redd.it/gdss6ocaadt21.jpg,1555743395.0,79,0.94,15,CasualUK,SelectStarAll
bf9feg,Morning motivation,[deleted],https://i.redd.it/k9v56kap7dt21.jpg,1555742508.0,486,0.98,15,CasualUK,[deleted]
bf9e3i,"Last night's (19/4/2019) supermoon rising over anfield stadium, Liverpool",,https://i.redd.it/771h0vjn6dt21.jpg,1555742177.0,371,0.97,28,CasualUK,Woyoyboy
bf6a37,Standard stuff really,,https://i.redd.it/t2px54gnabt21.jpg,1555719334.0,148,0.98,2,CasualUK,_DeanRiding
bf4qbr,I think the village shop might have something I need.,,https://i.redd.it/cogidfmziat21.jpg,1555710239.0,175,0.99,18,CasualUK,splitcane
bf4nwa,"Knaresborough, North Yorkshire",,https://imgur.com/oZfPPqj,1555709854.0,162,1.0,9,CasualUK,loosefred
bf4knz,A square off between two giants of the food delivery industry.,,https://i.redd.it/7bm7gob3hat21.jpg,1555709354.0,53,0.93,12,CasualUK,PapaQuesh_v2
bf48gz,"Les Dennis and the Pope, what timeline are we in?",,https://i.redd.it/nsh13g7ibat21.png,1555707465.0,51,0.94,14,CasualUK,Cashmoneygold
bf3qtw,This pic of London looks like it should be a video,,https://i.redd.it/6etr3pms28t21.jpg,1555704835.0,89,0.96,4,CasualUK,Mattjbennett97
bf3qbo,A whole 77 seconds of the BBC News countdown music,,https://twitter.com/imrichardmorris/status/1118798650430369798,1555704757.0,72,0.98,10,CasualUK,CAzpilicueta28
bf3kwp,Had a lovely day in Cromer today. I do like to be beside the seaside.,,https://i.imgur.com/ME2jJDz.jpg,1555703973.0,88,0.98,16,CasualUK,stegzy
bf3as4,Jesus bearing the cross outside Greggs,,https://i.redd.it/3j17xizow9t21.jpg,1555702489.0,514,0.98,35,CasualUK,Roobanski
bf33cr,Guess there's good sides to every job. Found this on Indeed.,,https://i.redd.it/0z3jl93gt9t21.png,1555701410.0,76,0.97,1,CasualUK,Dannyboi93
bf1hdg,"Beautiful day to be in North Yorkshire, first time visiting Ribblehead Viaduct too",,https://i.imgur.com/H3JqEDs.jpg,1555693164.0,110,1.0,2,CasualUK,robotsoap
bf1486,The Chase being cheeky again today,,https://i.imgur.com/jG1YR0f.jpg,1555691307.0,86,0.96,8,CasualUK,spider-drunk
bf0rq9,Local boozer in Rye has a beer tap as the flusher,,https://v.redd.it/tehyemi2u8t21,1555689563.0,87,0.98,11,CasualUK,lodge28
bf0mby,"Common Buzzard, spotted in Kent today.",,https://imgur.com/f415Eqp,1555688761.0,101,0.99,21,CasualUK,Radwaymm
bf04sa,Jesus Christ how embarrassing,,https://i.redd.it/f6ui678dk8t21.jpg,1555686232.0,2480,0.99,73,CasualUK,ThaiBoxer09
bf03l7,Unfortunate place to park,,https://i.redd.it/1q6u3s1vj8t21.jpg,1555686069.0,78,0.99,5,CasualUK,DyatlovPassover
bezy1c,"Is this the fanciest public toilet in Britain? It‚Äôs the loo at Stammer Park, Brighton.",,https://i.redd.it/9a9emgldh8t21.jpg,1555685254.0,76,0.98,15,CasualUK,rosseepoo
bezduf,The unsung heroes of the UK are those that give out parking tickets with time left on them.,[deleted],https://i.redd.it/va1ag9ad88t21.jpg,1555682198.0,174,0.99,21,CasualUK,[deleted]
bezarj,It‚Äôs pretty glorious in Bexhill-On-Sea today üòé,,https://i.redd.it/mbpwoubu68t21.jpg,1555681689.0,59,0.93,4,CasualUK,VibealiveElmo
beylqz,Someone made a difficult decision in ASDA today,,https://i.redd.it/bjdb9ppvt7t21.jpg,1555677357.0,1243,0.98,54,CasualUK,Corbinoski
bey923,Just in time for the bank holiday. The chair-hat available at Argos.,,https://i.redd.it/g5w08ompm7t21.jpg,1555674913.0,72,0.95,8,CasualUK,NegaScott94
bey363,PSA: if you are heading to the coast this weekend please be careful around the water.,"This weekend we are forecast lovely weather so a lot of people will be heading to the beach, we are also forecast 6ft waves, you can see the surf report for Cornwall below

https://magicseaweed.com/Watergate-Bay-Surf-Report/961/

6ft waves at a 15 second period (a wave every 15 seconds) means these waves will be big and very powerful, these conditions are great for surfing, so it's going to very busy with all types of people in the water.

Please for your own safety follow the rules of the lifeguards, keep within the bathing area, they are there for a reason, getting sucked out to sea by a rip current is scary, and also puts others in danger when they have to come and rescue you.

If there is no lifeguards and you don't know the area, avoid going in and if you do go in, don't go out of your depth.

If you have kids, keep them safe, and be careful of the tides. 

You don't want to be those parents on the news crying because little timmy got bashed into the rocks and drowned! 

Please add any more advice I've missed below.. 


Have a great weekend, stay safe! üèÑ‚Äç‚ôÇÔ∏è",https://www.reddit.com/r/CasualUK/comments/bey363/psa_if_you_are_heading_to_the_coast_this_weekend/,1555673651.0,97,0.93,29,CasualUK,CornedBeefKey
bexnyr,Fucking glorious,,https://i.imgur.com/HAhc6w6.jpg,1555670177.0,113,0.95,9,CasualUK,RoryC
bexfi9,Lovely walk round Loch Moy this morning! Happy Friday everyone!,,https://i.redd.it/qiekt6fm27t21.jpg,1555668172.0,200,0.99,6,CasualUK,EmotionalPiglet
bex9q7,Bank holiday weekend off to a blinder,,https://i.redd.it/ddg4mkdjy6t21.jpg,1555666790.0,1897,0.99,63,CasualUK,pineappledipshit
bex57v,Met this cute little chap on the London Underground! Really helped me cope with my anxiety,,https://i.redd.it/fcd6nn45v6t21.jpg,1555665645.0,362,0.88,32,CasualUK,justawalkingtaco
bex3l3,That‚Äôs my Easter sorted then.,,https://i.redd.it/i9p8znv0u6t21.jpg,1555665269.0,79,0.91,25,CasualUK,[deleted]
bex2is,Could've probably rephrased that,,https://i.redd.it/ovtjcwk9t6t21.jpg,1555665011.0,74,0.94,10,CasualUK,[deleted]
bewspn,Not this again Jeff. You really need to stop day drinking,[deleted],https://i.imgur.com/utJ9grI.gifv,1555662406.0,54,0.93,9,CasualUK,[deleted]
bewq4m,Something tells me the BBC is struggling for news stories today...,,https://i.redd.it/ahdkx69dj6t21.jpg,1555661681.0,1127,0.99,96,CasualUK,retrogamer1990
bewpsc,"Why are Blue, off of the boyband Blue advertising boilers, with lots of pointing?",,https://i.redd.it/6ovwrp03j6t21.jpg,1555661590.0,534,0.99,69,CasualUK,toriatain
bewl0v,"Breakfast cheese toastie and a tea, what's for breakfast everyone ?",,https://i.redd.it/3g44vrref6t21.jpg,1555660358.0,117,0.91,83,CasualUK,sparksqueen
bevq8u,I thought we only had 2 King Charles,,https://imgur.com/h5aSAvO,1555652928.0,82,0.95,9,CasualUK,[deleted]
beqyir,"Found this in home bargains earlier, normal cola bottle for scale!",[deleted],https://i.redd.it/28fiasfmb3t21.jpg,1555622765.0,84,0.95,23,CasualUK,[deleted]
beqw14,My girlfriend figured out our new camera has panorama mode: Arthur's Seat over Edinburgh this past Sunday,,https://i.redd.it/fb97y6cd93t21.jpg,1555622379.0,90,0.98,16,CasualUK,[deleted]
beqq1a,Went to the pub today. Told the barman I was on table ‚ÄòZoe‚Äô. He told me they only had table numbers so I had to go back and check. Then realised my mistake...,,https://i.redd.it/s7dpfnft73t21.jpg,1555621479.0,563,0.99,39,CasualUK,simonb3516
beqm1o,Someone added a classy outline!,,https://i.redd.it/a3p9umh363t21.jpg,1555620899.0,106,0.95,4,CasualUK,car1davies
beqlcx,"I found a ‚ÄòTesco‚Äô in Kutaisi, Georgia!",,https://i.redd.it/zukdqpls53t21.jpg,1555620803.0,172,0.99,32,CasualUK,Anonymus290
beq52c,LPT: Turn off your alarm clocks!,"Last year my alarm went off at 6am and I had a very grumpy wife. 

&amp;#x200B;

(Sorry if you have to work the bank hol. )",https://www.reddit.com/r/CasualUK/comments/beq52c/lpt_turn_off_your_alarm_clocks/,1555618291.0,102,0.98,25,CasualUK,spudgun81
bepr1w,I got the job!!,"Not sure if it's okay to post this here but I am genuinely so happy right now. I've worked for the last year and a half as a bartender but since January have been actively job hunting. 

As you'd expect it has been bleak at times - seemingly neverending rejections, no responses, etc. Just now I got a call and was expecting the usual polite put down...instead I got offered a job and start next week. 

I interviewed for a customer operations role but they saw that I'm an English grad with language skills and offered me a will specialist position! I genuinely am in shock. At times I felt like giving up but right now I feel so proud of myself - I applied for this job, I interviewed and I GOT THE JOB!!

Let's pop the champagne!",https://www.reddit.com/r/CasualUK/comments/bepr1w/i_got_the_job/,1555616215.0,448,0.94,74,CasualUK,AlexAssassin94
bep7z5,Hermes: Delivered securely in your porch.,,https://i.redd.it/jzdat9srj2t21.jpg,1555613401.0,63,0.91,13,CasualUK,[deleted]
beoqwe,The Green Bridge of Wales today,,https://i.imgur.com/nME9xjF.jpg,1555610894.0,59,0.97,10,CasualUK,ThingsFallApart_
beo5qu,The British Museum,,https://i.redd.it/aq0cf90632t21.jpg,1555607834.0,108,0.94,12,CasualUK,DailyEsportz
benxms,Time to upgrade the NHS to Win 7,[deleted],https://i.redd.it/okfzdc7uz1t21.png,1555606690.0,161,0.98,45,CasualUK,[deleted]
bemtoe,"Sun's out, buns out!",,https://i.redd.it/ex6g72sui1t21.png,1555600976.0,11165,0.97,201,CasualUK,GrunkleCoffee
belkxj,Sutton Bank - Simply stunning,,https://i.redd.it/k1b645f2u0t21.jpg,1555594227.0,52,0.92,4,CasualUK,DailyEsportz
bekddd,That's pretty much a declaration of war,,https://i.redd.it/4fmnt5n3c0t21.jpg,1555586598.0,87,0.98,9,CasualUK,WorstSingedUK
bek9v9,This wheelie bin,,https://imgur.com/rs2oOzZ.jpg,1555585914.0,191,1.0,26,CasualUK,AdKUMA
bek9bp,Some woman decided parking wasn‚Äôt necessary and just stopped in the middle of the road. There was a line of cars behind thinking they were in traffic,,https://i.redd.it/h4dzysvq90t21.jpg,1555585805.0,69,0.92,27,CasualUK,[deleted]
bek99z,When candy cigarettes need to catch up with vaping...,,https://i.redd.it/93gkhbbp90t21.jpg,1555585796.0,129,0.99,14,CasualUK,the-reverend91
bejwxj,British granniesüòÇ,,https://v.redd.it/o6s5tql9smq21,1555583128.0,61,0.87,16,CasualUK,jamiebiffy
bejljj,What's an adequate amount of time to have a poo?,[deleted],https://www.reddit.com/r/CasualUK/comments/bejljj/whats_an_adequate_amount_of_time_to_have_a_poo/,1555580553.0,104,0.96,188,CasualUK,[deleted]
bejgjs,Found these belters in the local newsagents,,https://i.redd.it/wlyvw0snqzs21.jpg,1555579387.0,94,0.94,24,CasualUK,sweetcumdrop
bejdwz,Scratch free car wash. Seen on a Norfolk news website (www.lynnnews.co.uk),,https://i.redd.it/qfigqmnsozs21.jpg,1555578759.0,65,0.96,20,CasualUK,thepalmtrees1
bejd9i,Boss bought everyone Easter Eggs! I made a B-Line for the Minstrels one.,,https://i.redd.it/vdknuqi5ozs21.jpg,1555578598.0,110,0.96,56,CasualUK,benanderson89
bej2bt,A very British workforce,,https://i.redd.it/ld6f0fkqfzs21.jpg,1555575713.0,219,0.97,31,CasualUK,ModeHopper
bej0xq,Parking wars continues - someone‚Äôs invested in cones,[deleted],https://i.redd.it/tc5e213nezs21.jpg,1555575345.0,80,1.0,59,CasualUK,[deleted]
beib23,The full spectrum of British emotion,,https://i.redd.it/0le5a3tevys21.png,1555568930.0,22665,0.94,537,CasualUK,liammakesstuff
bei7ta,Wholesome drunk intruder,,https://v.redd.it/wa0h1kd5aus21,1555568144.0,108,0.98,8,CasualUK,[deleted]
behlvp,No thanks,,https://i.redd.it/vq2wjzvpeys21.jpg,1555563264.0,104,0.97,21,CasualUK,[deleted]
behkxm,Sign for hs2 site in the Midlands. We are doomed.,[deleted],https://i.redd.it/74349mg2eys21.jpg,1555563046.0,136,0.96,21,CasualUK,[deleted]
beddcr,"If this subreddit'a called casual UK, is there a hardcore or intense UK? A dangerous UK? I'm genuinely curious",,https://www.reddit.com/r/CasualUK/comments/beddcr/if_this_subreddita_called_casual_uk_is_there_a/,1555536943.0,53,0.91,46,CasualUK,Toomato05
bed0mw,How does this even happen!?,[deleted],https://i.redd.it/5ga8nefq2ws21.jpg,1555535024.0,97,0.87,69,CasualUK,[deleted]
becx05,After moving to the UK I've finally had my first real life encounter with a fox.,,https://imgur.com/pQlsjCP,1555534477.0,230,0.99,65,CasualUK,pauseforasecond
becvsj,everytime.,,https://i.redd.it/0xsx4seh0ws21.png,1555534276.0,716,0.97,39,CasualUK,ewangibs98
becpng,Spotted outside our local Tesco Extra,,https://i.redd.it/87u7zkxtxvs21.jpg,1555533373.0,161,0.99,11,CasualUK,carl0071
beclcq,Spotted,,https://i.redd.it/1xgia5rckvs21.jpg,1555532715.0,3066,0.99,37,CasualUK,wikniman
bec8xz,Press F in the chat to pay respects.,,https://i.redd.it/rin8fwaiqvs21.jpg,1555530907.0,1785,0.97,36,CasualUK,MightBeAVegan
bebqxl,"More crap unearthed from the garden, these primitive savages had prawn cocktail crisps in green packs???",,https://i.redd.it/kf26n1lkivs21.jpg,1555528241.0,264,0.98,37,CasualUK,Bastardjones
bebiqz,I went to watch some lambs being born to celebrate spring in the peak district today. Much fun was had by all.,,https://i.redd.it/84x88e48fvs21.jpg,1555527113.0,60,0.95,2,CasualUK,[deleted]
beb30f,There‚Äôs no way Phil is drinking all that coffee and lasting the whole movie #FalseAdvertising,,https://i.redd.it/rysc8vri8vs21.jpg,1555524859.0,70,0.97,9,CasualUK,goldenshimp
beadw1,Absolute mayhem being reported by local newspaper near me,,https://i.redd.it/xmrsv1fsxus21.jpg,1555521276.0,213,0.98,24,CasualUK,Crystalwolf
bea7s8,The AA advert with singing child. Does it make anyone else want to punch the telly?,"I had never heard that song before the advert and I already cannot stand it.

Edit: just clocked onto my last post here was also about shitty adverts. I've turned into a moaning old twat and I'm not even 30 till next year.",https://www.reddit.com/r/CasualUK/comments/bea7s8/the_aa_advert_with_singing_child_does_it_make/,1555520448.0,83,0.96,46,CasualUK,[deleted]
bea6rq,Went to Chatsworth House and saw this on offer. I declined.,,https://i.redd.it/w7qtu5ezuus21.jpg,1555520311.0,66,0.99,11,CasualUK,vbloke
bea0f9,Someone stole a fence today. A flipping fence.,,https://i.imgur.com/RzDqUTP.jpg,1555519390.0,418,0.98,59,CasualUK,MyDemonsCanSwim
be8ru2,Mr Blobby Gon' Give It To Ya,,https://www.youtube.com/watch?v=XyyGXngbEvA,1555513054.0,65,0.94,12,CasualUK,sanszooey
be8p3h,Oh the irony,[deleted],https://i.redd.it/sau70w368us21.jpg,1555512633.0,345,0.95,30,CasualUK,[deleted]
be8nex,Confirmed: Samuel L Jackson to replace Richard Ayoade in new season of Gadget Man,,https://i.redd.it/52lwb0037us21.png,1555512389.0,118,0.97,6,CasualUK,eggsells_eeyore
be8e9b,This View in Durham,,https://i.redd.it/rxbs0je83us21.jpg,1555510980.0,90,0.95,7,CasualUK,Smelliot27
be7t64,TIL this is how prawn crackers are made,,https://v.redd.it/4lmb0i6itts21,1555507732.0,201,0.96,60,CasualUK,ItsMalefis
be7ijy,Covering the important issues,,https://i.redd.it/p3kk3jgrcns21.jpg,1555506022.0,62,0.96,2,CasualUK,climbingman2
be7amx,'Cheese' and pickle sandwich. Great job Tesco!,,https://i.redd.it/oh4vu0enkts21.jpg,1555504725.0,172,0.96,32,CasualUK,IntermittentBeige
be76hg,"I knew TK Maxx will sell any old tat, but them stealing Spoons plates and trying to turn a profit on them is next level!",,https://i.redd.it/jpyle66kits21.jpg,1555504026.0,140,0.97,25,CasualUK,westham09
be71xe,Picture from the the top of Haystacks in the Lake District,,https://imgur.com/NCzEKCG.jpg,1555503256.0,106,0.99,13,CasualUK,featurenotabug
be6zzf,Hanging out with the kids this Easter break gives me time to appreciate the art at the local children's center.,,https://imgur.com/X2dneHN.jpg,1555502911.0,131,0.98,16,CasualUK,imalizzard
be6yap,The King of all air fresheners. Gone but never forgotten.,,https://i.imgur.com/P57zev4.jpg,1555502611.0,202,0.98,21,CasualUK,cubbish
be6sy2,Watch out Big Ben,,https://i.redd.it/6xyk708fbts21.jpg,1555501620.0,12205,0.97,173,CasualUK,DreamyArk
be6l89,Jeremy Paxman's wonderfully half arsed weather reports,,https://www.youtube.com/watch?v=oQx3OSRj23Y,1555500074.0,64,0.96,2,CasualUK,[deleted]
be6jeq,Lake Windermere this morning,,https://imgur.com/OvqCoTJ,1555499719.0,51,0.91,3,CasualUK,Kesskas
be6g21,There's been loads of ladybirds in my garden today!,,https://i.redd.it/5b7rhfiq3ts21.png,1555499048.0,65,0.94,12,CasualUK,Smelliot27
be5p00,Burger King is giving away Free whoppers today for anyone that‚Äôs interested. Just download the app and you get a voucher code.,,https://i.redd.it/eceoyadelss21.jpg,1555492871.0,108,0.9,26,CasualUK,WitYaDafty
be5nhj,"The view from Pots and Pans above Greenfield, Saddleworth.",,https://i.redd.it/emlconcakss21.jpg,1555492495.0,74,0.97,7,CasualUK,VauxhallBurgundy
be5lpd,Sharing office toilets brings out the savagery that still exists in this world.,,https://i.redd.it/dntm0xcyiss21.jpg,1555492047.0,178,0.97,70,CasualUK,twpopeye
be59eq,Dead nice view from my hubby‚Äôs hotel room on his work trip,,https://i.redd.it/2znwcd0e9ss21.jpg,1555488830.0,740,0.98,80,CasualUK,bounie
be4tmu,Milk theft is getting pretty extreme at work,[deleted],https://i.redd.it/o3ahuwnbxrs21.jpg,1555484772.0,928,0.99,248,CasualUK,[deleted]
be4qoq,"ITAP of Tenby, Wales.",[deleted],https://i.redd.it/49vgkjn7vrs21.jpg,1555484061.0,161,0.96,17,CasualUK,[deleted]
be4dhb,The Waitrose way,,https://i.redd.it/pmvzcf61mrs21.jpg,1555480974.0,9727,0.96,562,CasualUK,jacoblb_
be10r9,Caught me on a bad hair day,,https://i.redd.it/9h2lwvmj4ns21.jpg,1555458836.0,324,0.98,28,CasualUK,EragonDraco
bdzcw1,Got lucky with this Mini Egg Nest Cake,,https://i.redd.it/4j1tuzkg0ps21.jpg,1555449515.0,97,0.96,7,CasualUK,tishthefish
bdysiy,"How do you do, fellow kids?",,https://i.redd.it/p3x4cwksros21.jpg,1555446594.0,260,0.99,33,CasualUK,PaddyMac2112
bdyrn2,A lovely spring day in Durham,,https://imgur.com/dtSOiJM,1555446458.0,130,0.97,11,CasualUK,KanBalamII
bdyg8n,Liverpool at night,,https://i.redd.it/uhbqrjhjmos21.jpg,1555444839.0,723,0.98,54,CasualUK,Woyoyboy
bdye5u,"Casual ride on the world‚Äôs fastest zip line! Based in Snowdonia, North Wales if you didn‚Äôt know üòä",[deleted],https://v.redd.it/htttjx5clos21,1555444566.0,71,0.96,21,CasualUK,[deleted]
bdy19v,A floral array of teas,,https://i.redd.it/xwzs1a0ells21.jpg,1555442678.0,108,0.9,13,CasualUK,Lyzrd_Hangover
bdxypv,It‚Äôs only been 14 years since we told the council about the holes in the street.,,https://i.redd.it/84q34sb2fos21.jpg,1555442313.0,422,0.99,83,CasualUK,duncasaurus_
bdxvo3,Exclusively!,,https://i.redd.it/7zdbe7bsdos21.jpg,1555441880.0,73,0.95,12,CasualUK,HumanWithInternet
bdxu4w,"Just wanted to share this hula tube I found amongst my hula hoops, I‚Äôm pretty happy with it, i feel like I can‚Äôt even eat it.",,https://i.redd.it/cieo71y3dos21.jpg,1555441671.0,390,0.99,31,CasualUK,[deleted]
bdx808,"Just seen this appear in my work local pub, great cause and how easy to donate to charity!",,https://i.redd.it/c3eeno9t3os21.jpg,1555438542.0,98,0.89,25,CasualUK,safalafal
bdwcm0,üêù First Bee rescue of the season: chowed down on sugar water (not pictured) and hung around in my herb planter for ten minutes before buzzing off outside again. üêù,,https://v.redd.it/ooiukuzfqns21,1555434129.0,70,0.96,15,CasualUK,[deleted]
bdvlck,Doc Martin country.,,https://i.redd.it/g5qoq3d5fns21.jpg,1555430234.0,64,0.93,12,CasualUK,Dhorlin
bdvhss,Brick decals by Sainsbury‚Äôs in Hillsborough,[deleted],https://i.redd.it/gwkju0oldns21.jpg,1555429718.0,140,0.95,17,CasualUK,[deleted]
bdvea3,When you get an electric shock half way through your sentence and forget what you were saying,,https://i.redd.it/jrfcnvg5cns21.jpg,1555429224.0,589,0.98,26,CasualUK,docju
bdv310,Why must life be this way? And the only time it wasn't.,"(I know this sounds very r/thathappened, but believe me, this actually happened with a supermarket guy)

I'm 19(M) and i can barely pass for 18 at the best of times, the kicker though? I get fucking ID'd for cans of Monster in asda/morrisons/tesco. The only time i got a can without ID was in a Morrisons a few days back. The conversation with the self service guy went like this:

Guy: Do you have any ID?

Me: Does my Uni card count?

Guy: No sorry, i need to see proof that you're over 16.

Me: I'm in uni though??

Guy: Still...

Me: Mate, it's a uni student card.

Guy: It could be faked though.
(Now for context, I'm a Scouse lad studying in Bangor, North Wales) 

Me: Why would fake going to Bangor Uni??

Guy: That's a good point.

Me: So...?

Guy: Enjoy your monster.


To this day, it's the weirdest supermarket interaction I've had, apart from when someone thought i was faking my accent for attention, but thats for another time.

If you got this far, thanks for reading my first ever reddit post. Xoxo

Hutch out ü§ôü§ô",https://www.reddit.com/r/CasualUK/comments/bdv310/why_must_life_be_this_way_and_the_only_time_it/,1555427654.0,105,0.93,64,CasualUK,J-Hvtch
bdv1wt,"Shute forest, Devon.",,https://i.redd.it/67ig9j7x6ns21.jpg,1555427495.0,111,0.98,6,CasualUK,B4mmb1
bdv19f,Quite the difference...,,https://i.redd.it/p06pa67q6ns21.jpg,1555427399.0,9480,0.95,482,CasualUK,waddupcuckboiii
bduajm,"Wtf ASDA, new recipe?",,http://imgur.com/bbO6RoP,1555423285.0,101,0.95,12,CasualUK,show_me_your_beaver
bdu49z,original pirate material,,https://i.imgur.com/3e3olKZ.jpg,1555422292.0,241,0.94,26,CasualUK,darudewamstorm
bdu3d5,"Manchester has changed their tram stop names, due to Play Expo, to video game references..how many can you get?",,https://i.redd.it/ao2i7s93rms21.png,1555422141.0,73,0.94,53,CasualUK,miniclip8767
bdsxu3,"Patting my stomach after last night‚Äôs beers, I decided to find an alternative route",,https://i.imgur.com/pNynbUC.jpg,1555415058.0,299,0.99,14,CasualUK,newtestleper79
bdsjs3,Remember to go to your local butchers for your meat products!,"Just a nice reminder for when you go shopping. Go to the local butchers. The meat is fantastic compared to the supermarket and is on par with the prices now. Yesterday I got 2 steaks for ¬£5, 1/3 bigger than the ASDA ones for cheaper ! It may vary depending on where you live but I've managed to save at least ¬£10 every weekly shop by going to my local butchers. Plus they know what they're talking about when it comes to what you want to do with the meat. If there's something your scared to cook, you can ask them how to cook the meat for what you want. They're very helpful, the meat is much better than supermarkets and even better, probably the same/lower price as the supermarkets!",https://www.reddit.com/r/CasualUK/comments/bdsjs3/remember_to_go_to_your_local_butchers_for_your/,1555412312.0,82,0.91,82,CasualUK,Nevarc_Xela
bdsezn,A year ago we developed a mystry hole in the kitchen ceiling. My fianc√© has said he will fix it. However this happy little dude turned 1. I made him a bage.,,https://i.redd.it/syfafr4quls21.jpg,1555411259.0,101,0.92,39,CasualUK,toriatain
bds0w6,When you can't roundabout,,https://i.redd.it/t2dblbb1jls21.jpg,1555408116.0,639,0.96,97,CasualUK,Arsewipes
bdrw5i,I was buying stuff for a picnic and saw this - has anyone ever actually warmed these up?,,https://i.redd.it/v3ry36qyhls21.jpg,1555407028.0,96,0.99,37,CasualUK,ukuleleemusic
bdrt32,This guy from a classic car show on the weekend,,https://i.redd.it/badct551gls21.jpg,1555406315.0,301,0.97,25,CasualUK,mookie4a4
bdrsmh,Does anyone know Alan? I'm a photographer and met Alan walking around Devils Kitchen in Snowdonia on 20th March 2019. I took his photo but didn't get any of his details! I'd really like to enter this photo in a portrait competition but wanted to get his permission first. Can you help Reddit?,,https://i.redd.it/znyoolpuels21.jpg,1555406200.0,1778,0.99,139,CasualUK,Charliekidd666
bdqf2z,I accidentally found the construction site of a new USS Enterprise in Plymouth (potato),,https://i.redd.it/ic4fjbubgks21.jpg,1555394477.0,371,0.96,32,CasualUK,mojomuller
bdqef3,Happy birthday! üéÅ,,https://i.redd.it/i6hrhncvihs21.jpg,1555394326.0,16713,0.96,210,CasualUK,[deleted]
bdm59k,When you need to work on secret documents at Pret.,[deleted],https://i.redd.it/3x4te9zskfs21.jpg,1555367025.0,118,1.0,14,CasualUK,[deleted]
bdlua2,"Took my dog for a walk, got offered a blowjob","So, this afternoon I decided to take my dog for a walk at the local nature reserve which also happens to be a local dogging hotspot, though, honestly, this didn't even cross my mind at the time. I just wanted a nice place to walk my dog.

Upon arriving I saw several men in their cars with no dogs in sight but nothing really clicked.

I got my dog out of the car and just as I was about to cross the road I saw some guy pull in taking a big old look at me in his new corsa. 

Not thinking anything of it I headed up the steps into the nature reserve only to get a few minutes in to find the guy I saw earlier walking behind me. He quickly caught up, and honestly he must have got a bit of a dash on to even catch up with me. He was dressed much too well to be out for an afternoon stroll and quickly engaged in conversation.

I engaged back thinking he was just some friendly guy out for a walk on his break or something but it very quickly turned sexual. He started showering me with compliments and asked me if I knew  ""what this  place was"" Asking what I was into etc. Sex wise. It was kinda unsettling how open he was about it with a total stranger.

I was so on guard the whole time and ready to break his jaw because he gave off such a predatory vive. He asked me if I was into men, I told him I wasn't and he said ""such a shame, J would have given you a  blowy"" which was a bit much for me. Told him I wasn't into that sort of stuff and kept moving, but he kept following!

I got so far into the nature reserve and decided to turn back as this guy would not leave me alone. I told him I was gonna head back and he shook my hand and was like ""I'll walk back with you, I was only gonna follow you and see what you were doing anyway"" wtffff 

On the way back he started Feeding me sob stories about his recent operation and his mother with cancer like it was gonna change my mind on the matter of being straight.

He was also showing me pics and videos of his recent sexual encounters and fuck buddies throughout the walk.

I didn't know whether to chin him or not, but the way he was so casual about the whole thing was so disarming. 

In the end he asked for my number, to which I told him no. To which he then told me about the guy in the range rover who had been there when I pulled up who he spoke to upon arriving who told him ""I checked him out and he has a good package ""

Wtf, safe to say I'm never going there again!",https://www.reddit.com/r/CasualUK/comments/bdlua2/took_my_dog_for_a_walk_got_offered_a_blowjob/,1555365476.0,108,0.97,54,CasualUK,DDGibbs
bdkvcf,DK if it's already been posted before but I found the original shop for both Kingsman movies in London,,https://i.redd.it/qsgri709khs21.jpg,1555359309.0,101,0.92,14,CasualUK,astalepieceofbread
bdjd11,"Mural to Harry Kane, Wembley Park.",,https://i.redd.it/axi4aeerygs21.jpg,1555352079.0,142,0.97,34,CasualUK,[deleted]
bdivnz,Girlfriend bought me ‚ÄòThe Mother of Steaks‚Äô from Aldi after I lost my job. It honestly made it all better,,https://i.redd.it/i1syh9ltrgs21.jpg,1555349748.0,4798,0.94,248,CasualUK,[deleted]
bdivdt,Okie-Doke.,,https://i.redd.it/dtmoxdoprgs21.jpg,1555349711.0,228,0.96,9,CasualUK,[deleted]
bdi7sa,Just met Chris Kamara! Unbelievable Jeff!,[deleted],https://i.redd.it/rv8wbtr4igs21.jpg,1555346499.0,1152,0.97,41,CasualUK,[deleted]
bdhxnp,Dartmoor is a pretty cool place I guess,,https://imgur.com/gnpX5ZM,1555345134.0,62,0.91,1,CasualUK,Dont_Eat_The_Pickle
bdhmhd,"Jarvis Cocker by me. Spray paint, Sheffield.",,https://i.redd.it/u65opkvx9gs21.jpg,1555343734.0,189,0.93,27,CasualUK,bubba2000art
bdfvix,"Went to Talybont and got this pic of Barmouth Bridge, nice place.",,https://i.imgur.com/XomrkT6.jpg,1555334290.0,76,0.93,11,CasualUK,MixedWithFruit
bdemp5,The Americans are at it again. Shepherd‚Äôs pie with a pastry base.,,https://reddit.com/r/food/comments/bdcrmt/homemade_shepherds_pie/,1555325966.0,138,0.96,119,CasualUK,AcrimoniousButtock
bdejo1,Looks like someone's been messing with the road signs again...,,https://i.redd.it/og1803e1res21.jpg,1555325268.0,123,0.96,29,CasualUK,Diffleroo
bde7j6,Ayr Races Sad Reality.,,https://i.redd.it/q7itu6iyies21.jpg,1555322551.0,78,0.89,50,CasualUK,RossVlogs
bddtjp,Rescued an injured duck this morning. Before I drop it off at the vets it needs naming... go!,,https://i.imgur.com/uyq5O78.jpg,1555319159.0,223,0.95,105,CasualUK,[deleted]
bdd84q,Huge parking spot in Central London and no one is using it.,,https://i.redd.it/1rutdkfirds21.jpg,1555313331.0,9200,0.93,208,CasualUK,sup3rfm
bd9z9m,I love the looks both Dimblebys are giving each other.,,https://i.redd.it/jvru3s5rtbs21.jpg,1555289861.0,80,0.92,4,CasualUK,JamWasp
bd7yq0,"Great work, Google street view",,https://i.redd.it/ilb0yj04uas21.png,1555277936.0,85,0.94,19,CasualUK,rasteri
bd7p03,The Fault in our Spar (2014),[deleted],https://i.redd.it/fawyc2ixpas21.jpg,1555276468.0,122,0.99,11,CasualUK,[deleted]
bd77db,"I guess living in Highcliffe has its perks üåû (Mudeford Quay, UK)",,https://i.redd.it/c7rrdax6ias21.jpg,1555273866.0,58,0.93,5,CasualUK,Khaleesi_Sophie
bd6lbf,"A sunrise up Mam Tor - A well-visited spot, but if you havent been I'd highly recommend it!",,https://i.redd.it/dmp0wv8x7as21.jpg,1555270487.0,105,0.98,20,CasualUK,Sarcasticasm
bd6gtq,They 'make the rockin' world go round',,https://i.redd.it/mtyb9ggv5as21.jpg,1555269834.0,226,0.95,8,CasualUK,Variola13
bd6e70,Does anyone else miss the days when gunging your uncle for being a dick was a legitimate option?,"People are too comfortable without the fear of Dave Benson Philips in their life. 

Bring back the gunge tanks.",https://www.reddit.com/r/CasualUK/comments/bd6e70/does_anyone_else_miss_the_days_when_gunging_your/,1555269466.0,90,0.95,22,CasualUK,rage-quit
bd67gt,"2019 signifies 100 years of Bentley, one of our most iconic car manufacturers. I went to Silverstone yesterday to watch them race. Here's a quick photo I got of the ""Blower"", one of their most successful race cars.",,https://imgur.com/SdqlrQ6,1555268517.0,57,0.92,9,CasualUK,SendMoreAmmoPlz
bd63v9,"Went to the South Devon Railway today, got a lot of pics but I'm liking this one the most :D",,https://i.redd.it/etm2orz80as21.jpg,1555268026.0,105,0.97,13,CasualUK,[deleted]
bd61dy,Assuming all the others are longer than 5min?,,https://i.redd.it/xps8csqrz9s21.jpg,1555267671.0,108,0.98,12,CasualUK,vampireondrugs
bd5ov8,Did I just get catcalled by my train?,,https://imgur.com/WeMlasf.jpg,1555265878.0,53,0.94,7,CasualUK,_merf
bd5by7,‚ÄúYou look like a nonce mate‚Äù - a very British thing to say.,[deleted],https://v.redd.it/lpty4knno9s21,1555263985.0,304,0.95,33,CasualUK,[deleted]
bd4hxa,Thanks Tesco! I can now be 50% more ill at no extra cost.,,https://i.redd.it/nuf78q2ua9s21.jpg,1555259287.0,126,0.97,46,CasualUK,oish_oish
bd43og,Child labour at its finest.,,https://i.imgur.com/kMGClqc.jpg,1555257083.0,88,0.91,11,CasualUK,RustyToad
bd3d47,This hedge in Hambleden looks a bit like the Reddit mascot,,https://i.redd.it/cqj8a8h1r8s21.jpg,1555252636.0,61,0.91,8,CasualUK,plebbitspacing
bd3728,Remember how morbid this sounded?,,https://i.redd.it/kkwrtqcwn8s21.jpg,1555251592.0,65,0.92,15,CasualUK,zaerokill
bd2t3t,Just ran the Peterborough marathon my dudes. Feeling pretty dead! Got a PB though,[deleted],https://i.redd.it/m04s5fj5g8s21.jpg,1555248995.0,417,0.95,49,CasualUK,[deleted]
bd2pqq,"Looking down upon Lulworth Cove, Dorset. August 2018.",,https://i.redd.it/vi69xba6e8s21.jpg,1555248341.0,104,0.97,11,CasualUK,Tombombleron
bd2g9r,Peak District. We're so lucky to have something so pretty nearby! Enjoy your Sunday everyone üòä,,https://i.redd.it/ryyyi6qi88s21.jpg,1555246412.0,126,0.98,12,CasualUK,sassatha
bd26j3,"I went to Durdle Door in Dorset - GCSE geography, anyone?",,https://i.redd.it/k76ak14428s21.jpg,1555244251.0,902,0.99,88,CasualUK,BringIt007
bd25no,"In his defence, waiting for Aldi to open on a Sunday is pretty boring.",,https://i.redd.it/psj65t2i18s21.png,1555244042.0,104,0.94,25,CasualUK,not-a-tapir
bd1gcc,Tynemouth Long-sands Beach - I Love our coastline...,,https://i.redd.it/rxx9ygw7i7s21.jpg,1555237560.0,135,0.97,23,CasualUK,[deleted]
bd10p1,"One of the worst feelings: Missing your bus by a fraction of seconds One of the best feelings: Seeing a second, much emptier, bus make its way to you.",,https://www.reddit.com/r/CasualUK/comments/bd10p1/one_of_the_worst_feelings_missing_your_bus_by_a/,1555233166.0,255,0.99,9,CasualUK,cairfrey
bd103l,Aberystwyth.,,https://i.redd.it/h01hbs9n47s21.jpg,1555232989.0,81,0.9,20,CasualUK,[deleted]
bd0hh3,This is a very good boy. He managed 6 hours of sleep on his first night in his new home.,,https://i.redd.it/dima63kio6s21.jpg,1555227567.0,99,0.95,43,CasualUK,ShutTheFrontDoor__
bd03ca,"Looking down to Lulworth Cover, Dorset, 6:30am",,https://m.imgur.com/3iEahyW,1555223710.0,9989,0.96,181,CasualUK,peter-1
bcw71b,Used to go to Camelot as a kid. Went back recently as an adult...,,https://i.redd.it/9m9v2djfz3s21.jpg,1555195162.0,86,0.99,30,CasualUK,[deleted]
bcuw1q,My camera arrived today!!! Took this tonight!!! Very pleased,,https://i.redd.it/vdkg9eo8d3s21.jpg,1555187454.0,306,0.98,49,CasualUK,[deleted]
bcunid,So I bought more crisps and struck gold again. Decided to video this time,,https://v.redd.it/mtnrgwh493s21,1555186136.0,94,0.83,37,CasualUK,[deleted]
bcufl1,Question: I see these apparently pointless structures everywhere. At least one in each city. What the bloody hell are they?,,https://i.redd.it/v632cbwn53s21.jpg,1555184906.0,52,0.93,59,CasualUK,BauerUK
bcu3z2,"Ended a hike in Eastbourne, worth it for this (and the fish &amp; chips)",,https://i.imgur.com/VG2Dm8i.jpg,1555183112.0,95,0.99,6,CasualUK,[deleted]
bcsz8o,"Well alright then, seeing as you asked so nicely",[deleted],https://imgur.com/FihDdlC,1555176919.0,110,1.0,4,CasualUK,[deleted]
bcsvl5,"My Tesco has aisles called 'Ingredients', 'Ingredients &amp; Sauces', and 'Pasta Rice and Sauces'. Virtually everything you want to buy will be in one of them, but never the one you look in.",[deleted],https://i.redd.it/2yp5zqpsf2s21.jpg,1555176359.0,287,1.0,61,CasualUK,[deleted]
bcsc5t,"You have been caught and for you, the Chase is over!",,https://i.redd.it/hr6g40l672s21.jpg,1555173308.0,236,0.95,25,CasualUK,welshie123
bcrqxb,My dad went paint balling in Leeds today.,,https://i.redd.it/s0zq8954x1s21.jpg,1555169922.0,285,0.97,20,CasualUK,denimbastard
bcrde7,Facebook Marketplace is something else,,https://i.redd.it/428p997gq1s21.png,1555167734.0,62,0.98,9,CasualUK,thyditsy
bcr6i4,Found this at the entrance to my flat building. Got to love that classic British politeness.,,https://i.redd.it/p080n4n7n1s21.jpg,1555166610.0,242,0.99,11,CasualUK,palebluedot1988
bcq7vs,"Hope Cove, Devon",,https://i.imgur.com/BsHvu1v.jpg,1555160289.0,69,0.94,3,CasualUK,birch1981
bcq2yg,A response to my great grandmother from the lady-in-waiting to the then Princess Elizabeth.,,https://i.redd.it/iu26lleb11s21.jpg,1555159230.0,120,0.98,16,CasualUK,pandoxia
bcq0jm,"Got my allotment, mates! Dreams of fruit and vegetables can be a reality, really happy. ü•¨ü•îü•ï",[deleted],https://i.redd.it/i9gyvuugz0s21.jpg,1555158710.0,773,0.99,82,CasualUK,[deleted]
bcpdud,Anyone remember this lad from the dinosaur top trumps,,https://i.imgur.com/6yGnz1u.jpg,1555153231.0,477,0.98,44,CasualUK,sparxy5
bcpdsm,Is it just me that gets really nostalgic seeing this? Bath pearls/bath oil beads - I remember them being in bowls in The Body Shop,,https://i.redd.it/pvc6c2bgj0s21.jpg,1555153223.0,336,0.99,56,CasualUK,lknyvett
bcpcys,"Well, I think I've found the solution to global warming. I'm just gonna turn it to 'off'.",,https://i.redd.it/t4ootmpui0s21.jpg,1555153022.0,250,0.99,17,CasualUK,minicarrot
bcpbg8,Housing,,https://i.redd.it/h9jpv2xjh0s21.jpg,1555152612.0,59,0.93,15,CasualUK,faz432
bcpbfm,Prawn crackers mistook for meth,,https://i.redd.it/x5kua4nmh0s21.jpg,1555152608.0,1040,0.99,43,CasualUK,[deleted]
bcp9ig,TIL authors get paid every time you check out their book from a UK library,,https://imgur.com/lSADEzR,1555152084.0,2044,0.99,95,CasualUK,fireball_73
bcp3ca,"Ahh, the smell of springtime... (dog for scale)",,https://imgur.com/OKVkDmS,1555150444.0,60,0.96,13,CasualUK,reetnesh
bcoxkm,Anyone remember this bad boy?,,https://i.redd.it/jtfo128i60s21.jpg,1555148868.0,18445,0.93,556,CasualUK,KylanH16
bcos1s,Weather's alright,,https://i.redd.it/pazoe5eq10s21.jpg,1555147279.0,102,0.98,9,CasualUK,plfftbrgurhh
bcokon,Who are you calling a child!,,https://i.imgur.com/yALjF7u.jpg,1555145192.0,173,0.98,16,CasualUK,Swannyone
bcoefp,It gets pretty eerie when the lights go off on the tube,,https://i.imgur.com/0315Ds8.jpg,1555143322.0,165,1.0,8,CasualUK,[deleted]
bcjgqs,"Clapham High Street, from the other side",,https://i.redd.it/pbd8ncixowr21.jpg,1555106640.0,151,0.98,3,CasualUK,Sekaru
bcj1ob,UK population map in the style of Joy Division,,https://imgur.com/SBpvKHc,1555104320.0,13925,0.96,232,CasualUK,fireball_73
bchxvv,Spotted some very British graffiti,,https://i.redd.it/fs54uldh0wr21.jpg,1555098428.0,99,0.97,4,CasualUK,orangedaim
bchvvv,Went to Blackpool Zoo today and bumped into this guy,,https://i.redd.it/n98aqfrmzvr21.jpg,1555098128.0,140,0.98,12,CasualUK,andybno1
bcho5f,"Still snow on the mountains of Snowdonia, North Wales",,https://i.redd.it/a1snbgx7wvr21.jpg,1555096982.0,99,1.0,8,CasualUK,Tarkin15
bcgune,Pork scratching personal record discovered,[deleted],https://i.redd.it/4noghqg4kvr21.jpg,1555092929.0,75,0.97,13,CasualUK,[deleted]
bcfzbl,Here's five hours of the shipping forecast to relax to.,,https://youtu.be/CxHa5KaMBcM,1555088651.0,65,0.97,13,CasualUK,SaltireAtheist
bcfxqe,"Searching for Will Self the other day, my browser autocompleted to show me his actual full name.",,https://i.redd.it/y9h9fatq6vr21.png,1555088436.0,120,0.98,5,CasualUK,stanrandom
bcfn5n,Traffic info sign in Manchester ahead of Manchester United vs West Ham,,https://i.redd.it/adheth682vr21.jpg,1555086893.0,595,0.99,15,CasualUK,wrdb2007
bcfmwu,Crispy grandma,,https://i.redd.it/qsodoiw32vr21.jpg,1555086856.0,153,0.98,18,CasualUK,clardeemacdennis
bcfmia,Look at my piss. LOOK AT IT!,,https://i.imgur.com/ij60XIR.jpg,1555086798.0,179,1.0,27,CasualUK,loudribs
bcfkps,"Just headed to the shops, need anything?",,https://i.redd.it/72kf1ld61vr21.jpg,1555086542.0,79,0.96,17,CasualUK,[deleted]
bcfajt,Only way teletubbies could exist,,https://i.redd.it/z9zoqg2uwur21.jpg,1555085081.0,1481,0.98,59,CasualUK,Kezza_sd
bcf408,"So 8 cans of Pepsi just turned up at my door. That's great and all, just not sure why...",,https://i.redd.it/ehxx2m72uur21.jpg,1555084151.0,64,0.93,31,CasualUK,shrek_the_all_star
bcf0xh,Every time,,https://i.redd.it/0e8v951rsur21.jpg,1555083706.0,3027,0.98,139,CasualUK,DarkClerfable
bcewkf,"On a box of French McVities, don‚Äôt think they‚Äôre our biggest fans",,https://i.redd.it/8rezfxtvqur21.jpg,1555083080.0,200,0.99,32,CasualUK,Friendlyquaver
bce138,The potent green is enough to send anybody into a dreamy trance,,https://i.redd.it/cxr5bqhycur21.jpg,1555078396.0,108,0.97,14,CasualUK,Elliotiotiot18
bcdzed,Why Henry Hoovers are better,,https://i.redd.it/5zw3s3m4cur21.jpg,1555078138.0,697,0.96,119,CasualUK,icestroge
bcdmy3,Today would have been my Dad's Birthday. It was nice to see the heron up by his memorial bench,,https://streamable.com/3rcb0,1555076124.0,116,0.99,9,CasualUK,conversationchanger
bcdgl9,A pair of Collared Doves I spotted while waiting for a train.,,https://imgur.com/QaHS6iB,1555075057.0,110,1.0,6,CasualUK,Radwaymm
bcd24i,This foxy beast at Kew Gardens.,,https://i.redd.it/o0misoctvtr21.jpg,1555072630.0,57,0.91,5,CasualUK,archie-croft
bcbz88,The UK Games industry doesn't get enough praise,"It is a shame.

A lot of the games that we produce here are not seen as British, and often get lumped in with 'American games'. Our games industry needs a LOT more praise than it gets. I mean, this is just a small smattering of British games which nobody ever thinks of as British:

\- Grand Theft Auto series

\- Red Dead Redemption 2

\- Fable Series

\- Forza Horizon Series

\- Burnout Series

\- Halo Wars 2

\- Banjo Kazooie (and all RARE games, for that matter)

\- Arkham Series

\- Cannon Fodder

\- Lego Games

\- Lemmings

\- LittleBigPlanet

\- Timesplitters

\- Total War

\- Project Cars

\- Football Manager

\- Wipeout

\- Project Gotham

That is before you even cover Codemasters, Bullfrog, and a whole host of indies.

So, why do people only ever talk about American games and Japanese games, when we arguably produce the best racing games in the world AND many of the games we have produced have completely shaken up the games industry? Open world games would not be around still if Grand Theft Auto didn't show it was properly viable.

So, can we have some praise for British gaming for a change?",https://www.reddit.com/r/CasualUK/comments/bcbz88/the_uk_games_industry_doesnt_get_enough_praise/,1555065073.0,398,0.99,172,CasualUK,[deleted]
bcbyjj,"Epitome of Britishness. Largest Primark in the world, lollypop lady organises the queue.",,https://imgur.com/0Irf8NR.jpg,1555064907.0,282,0.98,28,CasualUK,danthemanic
bcb9s5,Quite a compelling reason not to park there,,https://imgur.com/xQQxEYu,1555058800.0,189,1.0,8,CasualUK,fireball_73
bcb4dd,More than meat at Smithfield,,https://imgur.com/qjyMwP6.jpg,1555057312.0,426,0.99,19,CasualUK,Nutmeg_of_Consolatio
bcb1pa,"We already know how GOT ends, Jon Snow ends up becoming a news presenter for the BBC",,https://i.redd.it/rxb5xwh1ksr21.jpg,1555056564.0,2040,0.93,90,CasualUK,TryStar_
bcawul,Looks like Clapham High Street is getting a rebrand,,https://i.redd.it/qx4lpi56gsr21.jpg,1555055286.0,9022,0.97,219,CasualUK,cjsk908
bc6nld,One way or another he'll be King,,https://i.redd.it/92o9j8me4pr21.png,1555024955.0,135,0.99,11,CasualUK,stokesy220
bc5u7m,Shout out to the Beresheet's British made rocket engines,,https://i.redd.it/ra2vlpi3kpr21.png,1555020305.0,119,0.97,5,CasualUK,Dux_Gregis
bc4grc,Real men make model kits,,http://imgur.com/mE5g3tv,1555013085.0,74,0.85,30,CasualUK,drunkpunk122
bc46uz,"just bought a new cage for my macaw, misses hasn't seen it yet .guess who's going to be the most unpopular bloke in the country tomorrow when she sees it üò¨üò¨üò¨üò¨",,https://i.redd.it/z5wipwojuor21.jpg,1555011673.0,114,0.88,48,CasualUK,trooper37
bc3bd2,Just your ordinary house spider minding his business.,,https://i.redd.it/0p92jhi7hor21.jpg,1555007183.0,78,0.79,82,CasualUK,Frenchyy97
bc2wdj,Black Hole spotted by David Attenborough first.,,https://i.redd.it/6gjc974saor21.jpg,1555005024.0,64,0.89,2,CasualUK,Beardvision89
bc2udo,Got a photo of the signpost alone,,https://i.redd.it/w88pfo7x9or21.jpg,1555004737.0,64,0.89,12,CasualUK,Tinyzooseven
bc2k7c,Found this at lands end,,https://i.redd.it/206lpidp5or21.jpg,1555003318.0,1579,0.98,53,CasualUK,Tinyzooseven
bc2i86,Ever wonder where your mechanic test drives your car to after you‚Äôve dropped it off? The answer: McDonald‚Äôs!,,https://i.redd.it/110gk1kv4or21.jpg,1555003037.0,186,0.97,43,CasualUK,[deleted]
bc2d3h,"Told my US friend going to Aldi unsupervised wasn't a good idea for me. Had to describe Aldi, thought it was an apt description.",,https://imgur.com/nk43SUD,1555002346.0,7128,0.96,387,CasualUK,stara88
bc22wy,There's a classroom of children somewhere that can never go home because of me...,,https://i.redd.it/1x54ooilynr21.jpg,1555000925.0,818,0.98,72,CasualUK,damskivitch
bc15lj,Standard weather chat (2019),,https://i.imgur.com/AzqBYZb.jpg,1554996199.0,80,0.96,1,CasualUK,nuggz420
bc13pn,very nice,,https://i.imgur.com/sF1vr0c.jpg,1554995923.0,104,0.93,11,CasualUK,BJT03
bc0ejf,A-Level results day will still always be one of my darkest days that I'll never truly get over. But at last I can finally say I reached the light at the end of the tunnel &amp; I'm excited to begin a journey I absolutely would not have expected 7 months ago,,https://i.imgur.com/QDKGBYG.png,1554992223.0,728,0.95,83,CasualUK,LegitimateRage
bbzk5v,A snap from last summer,,https://i.redd.it/p0nk65elumr21.jpg,1554987472.0,159,0.95,15,CasualUK,Elliotiotiot18
bbyfu4,Contributing to world peace,,https://imgur.com/HbwK5OV,1554979970.0,77,0.94,10,CasualUK,Divney
bbyeh7,I knew the housing market was down the toilet but... selling your house on the condition you are allowed to remain rent free is next level hilarious.,,https://i.redd.it/kc22yd8b7mr21.jpg,1554979689.0,1311,0.99,169,CasualUK,elburcho
bbxyr3,Pretty sure there‚Äôs a lawsuit in here somewhere,,https://i.imgur.com/maIC4gZ.jpg,1554976330.0,96,0.95,5,CasualUK,ccx123
bbxye3,Anyone got any good news?,"After 4 months of us being in  limbo as to whether he was dead or not. We're very new to keeping snails and the dead or hibernating came after we'd had him about a week.  Sheldon, our Giant African Land Snail came out of hibernation today. Currently mullering a chunk of cucumber.",https://www.reddit.com/r/CasualUK/comments/bbxye3/anyone_got_any_good_news/,1554976245.0,129,0.99,95,CasualUK,PromiscuousPinger
bbx8qv,View of Snowdon's peak yesterday,,https://i.redd.it/lhrh5wq3elr21.jpg,1554969826.0,78,0.95,7,CasualUK,GamebyNumbers
bbx7kg,The views of Llanberis and snowdonia are still unreal at night,,https://i.redd.it/ufe25a35dlr21.jpg,1554969503.0,1092,0.99,65,CasualUK,Woyoyboy
bbx3wf,"Gloucester docks, Gloucestershire.",,https://v.redd.it/iklibyd9alr21,1554968579.0,263,0.98,32,CasualUK,fcukthishit
bbs5vt,We sure have some nice views in Devon!,[deleted],https://i.redd.it/ou1bsajngir21.jpg,1554934360.0,74,0.94,4,CasualUK,[deleted]
bbryw5,"Finally got to visit this today. Durdle Door, Dorset.",,https://i.redd.it/h17kgnuudir21.jpg,1554933421.0,95,0.96,14,CasualUK,orourke89
bbrwwu,I find this sub strangely comforting,"A lot of Reddit posts on other subreddits are usually by Americans talking about America things so it‚Äôs really nice to have a place on Reddit that I actually can relate too, it makes me feel less lonely!",https://www.reddit.com/r/CasualUK/comments/bbrwwu/i_find_this_sub_strangely_comforting/,1554933133.0,162,0.98,37,CasualUK,childrenofthegravee
bbrbkb,Tonight I attended a talk that piqued my interest at my local village hall. Turns out I (a 30 year old man) had crashed a WI event.,[deleted],https://i.redd.it/0g6nigyy3ir21.jpg,1554930105.0,150,0.99,27,CasualUK,[deleted]
bbr2iy,"Streatham Rovers FC: Here's the teamsheet for tonight's game and we are absolutely furious because Sydenham have fielded their players to spell out ""SRFC ARE SHIT"".",[deleted],https://twitter.com/streathamrovers/status/1115680648684081153?s=21,1554928790.0,69,0.96,4,CasualUK,[deleted]
bbqoh1,We adopted this cute little doggy this week,,https://i.imgur.com/oDeEQUG.jpg,1554926769.0,231,0.97,24,CasualUK,[deleted]
bbqmvp,"If you ever feel useless, just remember that Greg Wallace has to wear a hair net in food factories.",[deleted],https://i.imgur.com/QC4W1Rt.jpg,1554926548.0,185,0.98,29,CasualUK,[deleted]
bbqmer,I bet they took the film to Boots,,https://i.redd.it/9tvwqyaushr21.jpg,1554926486.0,93,0.97,29,CasualUK,Blythyvxr
bbqc7l,New British Heart Foundation bags have instructions for a posh wank on them.,,https://i.redd.it/xp5jmxhyohr21.jpg,1554925043.0,112,0.98,4,CasualUK,Ch4pp3rZ
bbp75w,"Does anyone want a 15 yr old boy for the next 10ish weeks? He's fully housetrained and comes with a huge pile of GCSE revision guides, and an attitude to match. I might take him back around mid June......",[deleted],https://www.reddit.com/r/CasualUK/comments/bbp75w/does_anyone_want_a_15_yr_old_boy_for_the_next/,1554919379.0,80,0.92,32,CasualUK,[deleted]
bbp0d7,Love the sprint blossoms in London this time of year,,https://i.redd.it/8c5u2t7c5hr21.jpg,1554918449.0,58,0.95,3,CasualUK,secret_ninja
bbotgf,Came across an adder basking in Dartmoor,,https://i.redd.it/f511f1cm2hr21.jpg,1554917529.0,75,0.98,7,CasualUK,Carso107
bbohd7,"I drove from Cheshire to Cambridge and back in one day to collect my daughter. I got this quintessentially English picture of the Mathematical Bridge to post here, making six hours on the effing M6 worth it.",[deleted],https://i.redd.it/q4map15rxgr21.jpg,1554915899.0,112,0.97,42,CasualUK,[deleted]
bbobbh,northern lass has a YouTube page dedicated to her recipes with barely over 1k subscibers,"Just stumbled upon this channel by chance after YouTube took me down the rabbit hole. Impressed with the quality of videos and dedication to the channel this lass has with consistent uploads, despite having barely over 1k subs!

  
Apologies if this isn't allowed, but I'm just genuinely impressed by her videos and couldn't believe she didn't have a bigger audience - only found her within the last hour and I've already bookmarked a LOT of her content!

&amp;#x200B;

 [https://www.youtube.com/watch?v=dpLckIrajzQ](https://www.youtube.com/watch?v=dpLckIrajzQ)",https://www.reddit.com/r/CasualUK/comments/bbobbh/northern_lass_has_a_youtube_page_dedicated_to_her/,1554915065.0,223,0.96,45,CasualUK,ObedientSandwich
bbo6um,I just got rejected by Lidl.,,https://i.redd.it/olple6gbtgr21.png,1554914441.0,15463,0.95,329,CasualUK,DontWantToBeOnReddit
bbo29r,Neighbour killing it with front garden Spring display,,https://i.imgur.com/4qkjJKW.jpg,1554913802.0,809,0.99,25,CasualUK,custardy_cream
bbnvn6,The Head from Art Attack has done well for himself.,,https://i.redd.it/wdszkarpogr21.jpg,1554912852.0,1384,0.98,32,CasualUK,jayjay3rd
bbnmq3,Hmmm?,[deleted],https://i.redd.it/au8mopt0lgr21.jpg,1554911611.0,540,0.98,12,CasualUK,[deleted]
bbn9zu,Seeing the Young Ones being used as a gif/meme has bought a smile to my face,,https://imgur.com/1KUqdXx.gifv,1554909775.0,302,0.99,31,CasualUK,Rooferkev
bbn0uk,The Cwmbran(Wales)dino is still here!,,https://i.redd.it/5bcgdlrnbgr21.jpg,1554908465.0,72,0.96,10,CasualUK,[deleted]
bbmx99,Or as they‚Äôre also known... CRISPS!,,https://i.redd.it/3qlcaqoy9gr21.jpg,1554907892.0,653,0.98,63,CasualUK,wordsfromlee
bbmn8n,A bit away from Peckham... not much but a bit...,,https://i.redd.it/0qd7rxuc5gr21.jpg,1554906344.0,69,0.96,6,CasualUK,DJ_Overdose
bbmktf,Found whilst food shopping in Holland. Honestly scared to open it.,,https://i.redd.it/3wx3drea4gr21.jpg,1554905984.0,69,0.98,12,CasualUK,goforajog
bbkxtm,"Our contribution to #trashtag and #keepbritaintidy . 5 people and 2 hours later, Impact MH volunteers.",,https://i.redd.it/lnroxrmpafr21.jpg,1554896083.0,258,0.95,15,CasualUK,Jesskaajaguar
bbjtl8,"I'm not even mad, that's impressive",,https://i.redd.it/ynmmzesc5er21.jpg,1554887146.0,89,0.96,17,CasualUK,SteeMonkey
bbjhry,The most fitting tune to play on a railway station piano,,https://youtu.be/ZVxkKpkoN38,1554884083.0,309,0.98,34,CasualUK,fireball_73
bbiixf,"Sunrise on Oxford St, 0630 this morning.",,https://i.redd.it/4gdsun9tmdr21.jpg,1554875894.0,6439,0.96,113,CasualUK,syncopant
bbe66f,"Hook Norton Cutting, Oxon, looking like a path to fairyland",,https://i.redd.it/59h7mr24cbr21.jpg,1554848084.0,102,0.98,5,CasualUK,jasbee98
bbdi9q,I guess someone got fed up,,https://i.redd.it/j0ijsd9n1br21.jpg,1554844611.0,138,0.97,25,CasualUK,lebrian
bbcndv,Homage to Keith.,,https://i.imgur.com/A16smqM.jpg,1554840355.0,503,0.97,17,CasualUK,HonoraryMancunian
bbbxku,Tidenham Chase - Gloucestershire is quite pretty,,https://i.redd.it/ah9q8en2ear21.jpg,1554836833.0,80,0.96,9,CasualUK,PiBBzYx
bbb7df,"Found this at a charity shop for a fiver, thought why not.",,https://i.redd.it/rftvd8hw3ar21.jpg,1554833212.0,3651,0.98,136,CasualUK,Snow776
bbaxln,"Lindisfarne Castle, Holy Island, Northumberland",,https://i.redd.it/9w7265otz9r21.jpg,1554831847.0,140,0.99,21,CasualUK,[deleted]
bbaxan,Local chap has problems with his back passage on my village Facebook group.,,https://i.imgur.com/6IuiaDU.jpg,1554831807.0,979,0.98,22,CasualUK,Sarcastic_kitty
bbaa0h,Lads. There‚Äôs a fucking sheep.,,https://i.redd.it/edvznftaq9r21.jpg,1554828640.0,267,0.97,13,CasualUK,rcarney12345
bba4gv,It's not the prettiest view in Yorkshire but it was oddly calming at the time.,,https://i.redd.it/vrdwc0z3o9r21.jpg,1554827906.0,100,0.97,12,CasualUK,BlueMaboo
bb91qm,Beware the invisible flying workmen at Banbury.,,https://i.redd.it/y8h52sx189r21.jpg,1554822502.0,59,0.93,10,CasualUK,The_Maytricks
bb8vdp,Lightening McQueen Reliant Robin. Don't fancy it in the corners.,,https://imgur.com/qCwAiUu,1554821593.0,94,0.99,5,CasualUK,iseewhtudidthar
bb8pha,Mind the gap,,https://i.redd.it/fka1c9lp29r21.jpg,1554820716.0,140,0.95,12,CasualUK,[deleted]
bb7b51,WHSmith 'helping' with online security,,https://imgur.com/GJzjdjl.jpg,1554812720.0,308,0.97,94,CasualUK,badgermonkey007
bb78jt,No words needed,,https://i.redd.it/pltp8uynd8r21.jpg,1554812281.0,2245,0.99,142,CasualUK,BrychanJ
bb77o2,There is no 326 in this hotel.,,https://i.redd.it/cg5q2ul6d8r21.jpg,1554812122.0,107,0.91,21,CasualUK,JamesOowee
bb6z5i,When one neighbour washes their wall you can really see the effects of air pollution (Yorkshire),,https://i.redd.it/vn4geuuo88r21.jpg,1554810643.0,172,0.99,45,CasualUK,searchcandy
bb6prf,The ‚ÄòLost World‚Äô in Gulliver‚Äôs World (Warrington). Whoever was overseeing dinosaur quality control clearly lost the passion for their job,,https://i.redd.it/6cem3trn38r21.jpg,1554808920.0,353,1.0,48,CasualUK,careful__now__
bb4i4f,"Duck public health warning, for when they all come out to groove about, be nice and have fun in the sun",,https://i.imgur.com/vgGBNDi.jpg,1554790838.0,21631,0.95,940,CasualUK,liketo
bb0afw,Pretty much the only compliment I ever got at secondary school.,[deleted],https://i.redd.it/1q6sp5nyc4r21.jpg,1554763619.0,113,0.98,8,CasualUK,[deleted]
bb09f0,The Chuckle Brothers in the 1960s,,https://i.redd.it/7q5lo4wic4r21.jpg,1554763470.0,128,0.99,6,CasualUK,[deleted]
bazijd,This guy seems like my kind of Uber driver,,https://i.redd.it/76ept37k04r21.jpg,1554759447.0,191,0.99,4,CasualUK,kiersmini
bazhuv,British satire at its finest. Posted in the comments of an Easter competition advert,,https://i.redd.it/5x8b3yw804r21.jpg,1554759342.0,66,0.91,1,CasualUK,SunnyLondon1
baz60n,I love this country sometimes,,https://i.redd.it/uxrasop2v3r21.jpg,1554757604.0,68,0.96,9,CasualUK,thedoctor4214
bayb11,"The room on Ryanair is so shit, you can't even adopt the brace position..",,https://i.redd.it/kymt5k89i3r21.jpg,1554753295.0,107,0.98,28,CasualUK,KPX9320
bay9t0,The true sight of a disappointment,[deleted],https://i.redd.it/1jvk67jqh3r21.jpg,1554753118.0,73,0.97,9,CasualUK,[deleted]
baxomq,"Spotted this in B&amp;M, I wonder how long it took them to find each letter!",[deleted],https://i.redd.it/p6413n6u83r21.jpg,1554750125.0,120,0.96,6,CasualUK,[deleted]
baxltk,Posted this in another sub but nobody got the British humour!,,https://imgur.com/WWkdTgl,1554749734.0,399,0.96,14,CasualUK,Vixichick
bawtdv,I got a hula tube in my hula hoops,,https://i.redd.it/1i86dhrnv2r21.jpg,1554745693.0,130,0.99,12,CasualUK,[deleted]
bawrdf,Jay Zed is my favourite artiste.,,https://i.redd.it/fpguw9e2s2r21.jpg,1554745398.0,199,0.98,22,CasualUK,awksturtle
bawp0w,My Auntie and Uncle getting in at 5am are relationship goals,,https://v.redd.it/p803574ls2r21,1554745118.0,536,0.96,63,CasualUK,JuddCrotch
bawl88,Holy Isle Causeway last Tuesday. Enjoy the serenity :),,https://i.redd.it/nhdos570s2r21.jpg,1554744502.0,78,0.96,11,CasualUK,LAW-And-ORDER
baw3il,Interesting name,,https://i.redd.it/tcdc06bnk2r21.jpg,1554741988.0,165,0.98,15,CasualUK,hammondkris36
bavu4n,"Asda, we need a word.",,https://i.imgur.com/018N7O2.jpg,1554740697.0,385,0.99,106,CasualUK,Flumper
bauue0,"My Peruvian Friend and his family love British TV. After watching Back in Time for Tea, they made this!",,https://imgur.com/a/DtqFXMv,1554735697.0,92,0.97,17,CasualUK,benanderson89
baurnx,"Portpatrick, Scotland",,https://i.redd.it/8f8btysq02r21.jpg,1554735299.0,78,0.96,5,CasualUK,FatManArron
baulhs,¬£79.99 is the most I‚Äôve ever spent on a kettle and same on a toaster. My other half thought that was a lot to pay. Cheap compared to these...,,https://i.redd.it/xl6qvd40y1r21.jpg,1554734396.0,134,0.98,102,CasualUK,crazycockerels
basxxf,"Stanage Edge, Peak District",,https://i.redd.it/ejv4h5p061r21.jpg,1554724968.0,76,0.96,2,CasualUK,nat0han
barunt,Noodle bar next to Anfield stadium,,https://i.redd.it/40n83mvci0r21.jpg,1554717078.0,106,0.92,19,CasualUK,DuvetCapeMan
barlch,If we are talking about beautiful scenery and dog walks. I ventured up onto the West Pennine Moors over the weekend.,,https://i.redd.it/romrlsjwb0r21.jpg,1554714837.0,76,0.93,9,CasualUK,bell-91
barkxu,It was only a matter of time till somebody had the bright idea to place a bog at this new art installation,,https://i.redd.it/327ouyvlb0r21.jpg,1554714739.0,429,0.99,30,CasualUK,SxE_Harry
bariae,Anyone else the right height to get their bloody jeans belt hoop caught on their door latch!?,,https://i.redd.it/u28i9has90r21.jpg,1554714123.0,268,0.97,78,CasualUK,-mihul-
bar7mp,Malvern - Worcestershire,,https://imgur.com/jtot3aL,1554711623.0,167,0.99,15,CasualUK,SprigMeister
bar7a5,I need to change up my life.,"Morning /r/CasualUK.

I'll be honest and to the point, my life has been in a bit of a slump over the last few years and I need to break out of it. Crashed out of uni a few years back, been working a job a monkey could do, and I can't really keep going down this way.

Aside from a few years spent chasing something in college and uni before realising it wasn't for me, I've never had any goal of what I want in life, or anything like that. And I can't help but get jittery and anxious whenever I just think about jobs and *life* and stuff. I always resist change out of fear, but I recognise that there's a point where I can't stick to this - and NEET life will destroy me in every way.

I've no marketable skills, no goals or plan. I feel like I've lost my sense of identity since crashing out of uni years ago, and I'm ashamed to say it, but emotionally and situationally I'm the same as my 17 year old self, and thinking about *life* really just freaks me out.

Socially, I'm kinda eh. I'm thankful that I get on well with the guys at work, there's no-one I really know in the local area, all my old mates are too far away (haven't learnt to drive still, maybe I should consider that a start?), but I always make sure to attend the local on quiz night.

I'm only posting here because it's one of the few avenues I have, I trust you a lot more than the advice stuff, and I won't find anywhere else where I'll be told to simply to stop being a git and to pack in my adverse attitude.

Thanks lads.

Edit: Thanks for the replies, can't promise to do a 180 on the spot any time soon but I really appreciate it. To those in familiar situations, I hope that you feel less alone, and I hope that other replies here can help you in your journey.",https://www.reddit.com/r/CasualUK/comments/bar7a5/i_need_to_change_up_my_life/,1554711540.0,52,0.92,63,CasualUK,TheOneSwanActually
baqbun,"Stopped at Killington Lake for the dogs to pee, snapped this.... we live in a beautiful country.",,https://i.redd.it/9hgevadzhzq21.jpg,1554704783.0,7189,0.95,203,CasualUK,dontfearlionhere
baq3cp,"Travelling through Cumbria on the M6 back to my home town of Liverpool to visit family, it‚Äôs a beautiful day! Good morning CasualUK!",,https://i.redd.it/2ma4ssxpczq21.jpg,1554703005.0,157,0.95,22,CasualUK,dontfearlionhere
bakkwr,Valentines 2012 - Our first valentines together at an under 16‚Äôs disco meeting MC Devvo. Anyone else have a stereotypical British teen valentines?üòÇ,[deleted],https://i.redd.it/r9ei1hpxgwq21.jpg,1554668099.0,59,0.9,20,CasualUK,[deleted]
bak9a8,"Snapped this pic today in Corbridge, Northumberland. Loving the misty weather at the minute for photography!",,https://i.redd.it/z28pf5isbwq21.jpg,1554666376.0,82,0.95,13,CasualUK,[deleted]
bak4nq,"Gibson Mill, Hardcastle Crags, Hebden Bridge, West Yorkshire. Glorious weather yesterday in God's own county!",,https://i.redd.it/o1iflxzi9wq21.jpg,1554665689.0,138,0.96,15,CasualUK,RonSwaffle
bajww6,The Title options for registering with British Airways couldn‚Äôt be more Upper Crust if they tried....I opted for the classic ‚ÄòMr‚Äô !,,https://i.redd.it/0lkfthv76wq21.jpg,1554664494.0,86,0.95,30,CasualUK,aldyevik
baj3f0,"I just opened my 15 year old son's bedroom door to find a clean, tidy, nice smelling room! I'm not sure if I should call the police or take the risk and enter this strange portal to another world...",[deleted],https://www.reddit.com/r/CasualUK/comments/baj3f0/i_just_opened_my_15_year_old_sons_bedroom_door_to/,1554660207.0,101,0.96,31,CasualUK,[deleted]
baix4y,Loch Leven - Highlands :),,https://i.redd.it/riyo25osqvq21.jpg,1554659308.0,85,0.98,3,CasualUK,Mia__08
bairff,"On the train, and the driver has just clarified that the big red button in the toilet is the emergency stop, not the flush",Have any of you guys heard this announcement before?,https://www.reddit.com/r/CasualUK/comments/bairff/on_the_train_and_the_driver_has_just_clarified/,1554658433.0,86,0.99,24,CasualUK,Argosiseasy
bai9hn,"Been here a week so far, please send help, or a kebab",,https://i.imgur.com/0PQG0wK.jpg,1554655790.0,2487,0.98,288,CasualUK,[deleted]
bahxvi,Love walking down this old railway line.,,https://i.redd.it/bgyokbyzavq21.jpg,1554654006.0,60,0.91,7,CasualUK,heyh0letsgo
bahteg,Whitby cathedral from the beach. It‚Äôs a beautiful place.,,https://i.redd.it/7qq1q34z8vq21.jpg,1554653331.0,80,0.95,19,CasualUK,ElPapaDiablo
bagzbd,Rare moment of sunshine walking along the seven sisters ‚òÄÔ∏è,,https://i.redd.it/vw018oczuuq21.jpg,1554648613.0,100,0.99,7,CasualUK,Maikoteya
bagnuf,Blunder Years: Jimmy Carr,,https://i.redd.it/0ads4e12puq21.jpg,1554646637.0,1458,0.99,64,CasualUK,amethodicalmadness
bafy17,"OK, I sniggered when BBC1 said of the boat race ""They have heart rate monitors on the cox as well""",[deleted],https://www.reddit.com/r/CasualUK/comments/bafy17/ok_i_sniggered_when_bbc1_said_of_the_boat_race/,1554641634.0,78,0.95,11,CasualUK,[deleted]
bafr79,I visited Corfe Castle too,,https://i.imgur.com/f5RaUF6.jpg,1554640101.0,229,0.99,19,CasualUK,[deleted]
baflwy,Frankly I wish my alcoholism got this level of positive recognition,,https://i.redd.it/he8dbgd02uq21.jpg,1554638871.0,155,0.96,33,CasualUK,[deleted]
bafjfr,The best pub in town,,https://i.imgur.com/QhSxKY3.jpg,1554638288.0,86,0.93,17,CasualUK,Kilexey
bafhjp,Grim up north...,,https://i.redd.it/cz8daldxytq21.jpg,1554637829.0,284,1.0,17,CasualUK,Fluffanutz
bafez6,Casual warning,,https://i.redd.it/ayoa28c1xtq21.jpg,1554637194.0,152,0.97,13,CasualUK,TwinTicket
bafetg,Nice one Tesco,,https://i.redd.it/9f0wuo73xoq21.jpg,1554637153.0,334,0.91,48,CasualUK,nicbrit93
baf3yx,My mum is a collector of ridiculous DIY sections from Hello magazines and this is one of her favourite ones of recent times,,https://i.redd.it/nipvepblotq21.jpg,1554634353.0,99,0.98,37,CasualUK,HarryGoLocky
baezs5,Someone in Asda found a way to improve the oat and fruit cookie recipe,,https://i.imgur.com/RDjBa8E.jpg,1554633153.0,203,0.99,13,CasualUK,birdiekittie
baenyn,"Uk clothing brand Joules, mens underware range is called 'Crown Joules'",,https://i.redd.it/r3bridjgbtq21.jpg,1554629939.0,219,0.98,10,CasualUK,tonychang
baembh,"Always chuffed to find irregular models of forming plurals at work. Ox / oxen, child / children, then so...",,https://i.redd.it/jbetqha4atq21.jpg,1554629485.0,99,0.96,5,CasualUK,wltzzz
bael4y,Salad Fingers in me Nan's wooden panelling,,https://i.redd.it/z4yn41d09tq21.jpg,1554629142.0,140,0.97,11,CasualUK,trebortus
bae9hl,Yesterday we went on a hike to find a 71 year old B29 Superfortress crash site,,https://imgur.com/gallery/EyTcsmx,1554625395.0,56,0.93,20,CasualUK,robotsoap
bae607,"Growing up around Hastings I used to think it was a shite house but moving away for years then coming to visit, pretty cool man.",,https://i.redd.it/slolf72wusq21.jpg,1554624368.0,368,0.99,48,CasualUK,calztwo
bae50r,30 cars paint splattered this morning in my street,,https://i.redd.it/yj3s70lytsq21.jpg,1554624085.0,100,0.98,80,CasualUK,permaculture
bae4fx,I like the emptiness of canary wharf on weekend mornings,,https://i.imgur.com/1rytNy1.jpg,1554623858.0,269,0.96,31,CasualUK,Pickles0903
babcvp,Grey skies but still a nice view.,,https://i.redd.it/w93ttvz5wqq21.jpg,1554600580.0,72,0.98,5,CasualUK,wdiva12121999
ba9xuo,Came across this 5-a-side league for overweight men looking to get back in shape. Gain extra points by shifting pounds. A great idea. But what really impressed me was the team names,,https://i.redd.it/gu1b01if3qq21.jpg,1554590915.0,348,1.0,17,CasualUK,v00g
ba9ew3,Buzzfeed: England Getting Bigger Every Day,[deleted],https://i.redd.it/9zuhmj1btpq21.jpg,1554587612.0,140,0.97,23,CasualUK,[deleted]
ba986z,Saw the steam train on the way home from Whitby today,,https://i.redd.it/xl3kydt8qpq21.jpg,1554586483.0,107,0.97,9,CasualUK,karlmarx_moustache
ba94le,The old school for the blind I‚Äôm Edinburgh looked pretty cool in the mist today,,https://i.redd.it/rehg8jkcopq21.jpg,1554585862.0,76,0.97,14,CasualUK,DA-FALKLANDS
ba8lof,Spotted this game changing vinegar technology in Aberdeenshire. The Scots have been holding out on us!,,https://i.imgur.com/09v4OGy.jpg,1554582677.0,427,0.99,50,CasualUK,pineapplecharm
ba82dc,Holcombe Tower Near Bury. Taken Today By Me,[deleted],https://i.redd.it/dcutoqpg5pq21.jpg,1554579508.0,80,0.99,11,CasualUK,[deleted]
ba806z,"""Those spy people are getting desperate"" - my mum",,https://i.redd.it/im4v6t184pq21.jpg,1554579155.0,102,0.94,12,CasualUK,Topdown-
ba7zvk,First Slow worm of the year.,,https://i.redd.it/okhtb4xa4pq21.jpg,1554579102.0,62,0.95,6,CasualUK,Radwaymm
ba7yza,My local spar has a guard cat,,https://i.redd.it/wv85bpmu3pq21.jpg,1554578952.0,1802,0.99,61,CasualUK,[deleted]
ba7wlu,The absolute state of Waterloo burger king on a Sunday night,[deleted],https://i.imgur.com/i48SCtP.jpg,1554578542.0,126,0.89,35,CasualUK,[deleted]
ba7mxp,"Another Dorset photo, Corfe Castle in the snow last March",,https://i.redd.it/auzwmgjmxoq21.jpg,1554576924.0,84,0.99,5,CasualUK,bri999
ba7kae,"I dont blame him, sausages are too good to ignore",[deleted],https://i.redd.it/p05usokognq21.jpg,1554576505.0,132,0.97,11,CasualUK,[deleted]
ba7d85,I guess I‚Äôm a bit predictable in my choice of names for game characters,,https://i.redd.it/1ire2on9toq21.jpg,1554575392.0,84,0.97,7,CasualUK,le_kommie
ba74bm,"Nothing major, but today I officially joined the Anthony Nolan stem cell register. That makes 3/3.",,https://i.redd.it/wxpp9ee3poq21.jpg,1554573989.0,112,0.95,32,CasualUK,lemonade_fetish
ba6z3u,Gotta love small towns,[deleted],https://i.redd.it/ez9q65gpmoq21.jpg,1554573184.0,86,0.99,12,CasualUK,[deleted]
ba6sag,Heaton Park last Autumn,,https://i.imgur.com/xnBXQyB.jpg,1554572135.0,68,0.98,1,CasualUK,harhaus
ba67fu,A pretty little Chiffchaff.,,https://i.redd.it/hv9fk405aoq21.jpg,1554568958.0,183,0.98,11,CasualUK,Radwaymm
ba6120,For the wall and the Peep Show fans out there,,https://i.redd.it/6l7p8di57oq21.jpg,1554567955.0,207,0.98,19,CasualUK,Dougebay
ba4g3i,This sign in Newcastle is amazing,,https://i.redd.it/sx42nbaoenq21.jpg,1554558381.0,110,1.0,6,CasualUK,hairdyeginger
ba4cg0,"As I've seen a few pictures of Swanage railway on here today, this is my contribution. Looking towards the distant signal outside corfe",,https://i.redd.it/4uu54vxlcnq21.jpg,1554557684.0,58,0.97,2,CasualUK,woodyman02
ba40v6,Newmarket unveiled their newest cost cutting measures,[deleted],https://v.redd.it/6zwem9fmflq21,1554555331.0,56,0.97,1,CasualUK,[deleted]
ba3x63,I still feel like king of the world when I get the front seat on the top deck of a double decker!,,https://www.reddit.com/r/CasualUK/comments/ba3x63/i_still_feel_like_king_of_the_world_when_i_get/,1554554532.0,81,0.97,32,CasualUK,allthekos
ba3sch,"Queen meeting the queen, 1974",[deleted],https://i.redd.it/xb569heu8mq21.jpg,1554553453.0,114,0.87,19,CasualUK,[deleted]
ba3o3q,Just been to PCWorld....,,https://imgur.com/8DFvzJK,1554552528.0,221,0.98,26,CasualUK,davbob
ba3np1,Man reports takeaway to police in York after his portion of chips was too small,,https://www.yorkshirepost.co.uk/news/man-reports-takeaway-to-police-in-york-after-his-portion-of-chips-was-too-small-1-9681849?fbclid=IwAR2fMqaEP9mNmPZSpqbB3eFCb47byezofkIBeoojb-ilEk1SGz0IWRbk5Zw,1554552433.0,56,0.96,18,CasualUK,cmonbrobeans
ba3dst,"Not bad for ¬£349,995",,https://i.redd.it/zpzkcrgxpmq21.jpg,1554550056.0,93,0.97,11,CasualUK,Wooflers
ba3ai0,Nice Saturday afternoon with Nan for a brew. Went to check on the mugs just happened to find the morphine chilling next to the kettle...,,https://i.redd.it/hvjvha3jnmq21.jpg,1554549251.0,73,0.95,28,CasualUK,Mr-E-Droflah
ba34jo,"I went to Norwich for the first time recently, it was great!",,https://i.redd.it/clgl3c2ximq21.jpg,1554547705.0,214,0.99,40,CasualUK,prince_ultimate
ba2wm9,Westie cloning is going well,,https://i.imgur.com/EXVMv9Q.jpg,1554545517.0,72,0.98,4,CasualUK,RachelRileysPants
ba2vf7,‚Ä™This place knows how to layout a breakfast!‚Ä¨,,https://i.imgur.com/tjKmhkH.jpg,1554545203.0,26157,0.91,1218,CasualUK,JimmerUK
ba2v2f,"Ullswater, Lake District looking dreamy!",[deleted],https://i.redd.it/mk5xy0w7bmq21.jpg,1554545110.0,130,0.99,2,CasualUK,[deleted]
ba2qu7,Anyone else‚Äôs landline used exclusively for scam calls now?,Get multiple a day from an indian call centre pretending to be from BT. Can‚Äôt even remember the last call I got that wasn‚Äôt scams at this point ,https://www.reddit.com/r/CasualUK/comments/ba2qu7/anyone_elses_landline_used_exclusively_for_scam/,1554543927.0,77,0.97,50,CasualUK,bob1689321
ba2m6p,"Free ticket Brighton to London Bridge. Accidentally bought a return, only need the single. Hmu anyone who needs",,https://i.redd.it/e8xkxt5l3mq21.jpg,1554542546.0,418,0.97,23,CasualUK,Si3rr4
ba2j2r,How could I refuse such a great offer,,https://i.redd.it/bjhxjutt0mq21.png,1554541650.0,975,0.99,26,CasualUK,nehpets1999
ba26a1,Realistic UK Flag,,https://i.imgur.com/Fx0vfNJ.png,1554537867.0,717,0.96,58,CasualUK,macillimheir
ba1xsb,"Visited Llanddwyn Island, Anglesey last week",,http://imgur.com/HCZLljj,1554535560.0,169,0.99,13,CasualUK,biedernab
ba1xn2,When you stay in a Travelodge for the first time in a while and are weirdly comforted by the shite art still being the same,,https://i.redd.it/2ravqenpilq21.jpg,1554535523.0,374,0.99,26,CasualUK,halloweez
ba1v10,I see you Argos catalog and raise you this filthy coop 1992 Christmas toys and games booklet I found.,,https://i.redd.it/19zp8cmoglq21.jpg,1554534843.0,316,0.98,33,CasualUK,Vhsrex
b9wzci,"People will literally try to flog anything on FB Marketplace! Anyone in need of an ""Antique Gym""?",,https://i.redd.it/bihgmugaliq21.jpg,1554500067.0,192,0.96,28,CasualUK,Wikwawa
b9vw5t,Worth it for Burger King,,https://i.redd.it/3ii5nnua4iq21.jpg,1554494354.0,172,0.94,19,CasualUK,jellycube
kfhumo,"I was adamant that someone had successfully trolled /r/HistoryPorn with a pic from Dad's Army, but apparently this is actually real.",,https://i.redd.it/txznekxdst561.jpg,1608282841.0,242,0.98,34,CasualUK,BigBeanMarketing
kfhn9s,"Titillating, even when not on a calculator",,https://i.redd.it/wlt1tbfltw561.jpg,1608281834.0,127,0.93,27,CasualUK,yrinhrwvme
kfhej5,"I always read this BBC News story at Christmas, been reading it for ten years now. I find it very inspiring",,https://www.bbc.co.uk/news/magazine-12043294,1608280561.0,1102,0.98,63,CasualUK,DrewBk
kfgv99,Must‚Äôve picked up the x-rated Percy pigs,,https://i.redd.it/ypc82mn5iw561.jpg,1608277819.0,15016,0.94,276,CasualUK,Thereader123
kfgonx,"Happy Hanukkah, Hanukkah Sameach!","Haven't seen it about much, but Hanukkah Sameach to all our Jewish mates across the UK! Last day of the Festival of Lights if I'm correct, hope the odd year the world has had didn't keep you all from having a great celebration!

Also latkes are brilliant, as an Irishman I appreciate the fancying up of potatoes.",https://www.reddit.com/r/CasualUK/comments/kfgonx/happy_hanukkah_hanukkah_sameach/,1608276928.0,162,0.92,46,CasualUK,danceswithvoles
k737aa,"Hull and Cleethorpes chippies are to start selling a Hog in a duvet. A 2ft long battered pig in blanket, thought to be the world's largest!",,https://imgur.com/m69d0BA.jpg,1607152676.0,12887,0.94,528,CasualUK,26326312
k6xfg8,World‚Äôs longest railway station bench at 139 metres. The grade II listed bench is in Scarborough.,,https://i.redd.it/am54cf02l9361.jpg,1607128640.0,891,0.99,55,CasualUK,paintingmad
k6w6rt,My partner found his doppelg√§nger in a shop at Regent Street,,https://i.redd.it/ah0agzcd89361.jpg,1607124379.0,1228,0.95,34,CasualUK,rabbit-parade
k6tvhe,Bought a new house and the first thing in the morning I see from my window...delighted!,[deleted],https://i.redd.it/8lbke455m8361.jpg,1607116899.0,320,0.97,46,CasualUK,[deleted]
jwylc1,Every day since Lockdown 1.0 my Grandpa has sent my family jokes to brighten our day. Never missed a day and will never run out of jokes.,,https://www.reddit.com/gallery/jwylc1,1605771934.0,317,0.98,40,CasualUK,Nikkca
jwylaf,My 7 year old is learning music theory. Here's the song he chose to demonstrate forte (loud) and piano (softly),,https://i.redd.it/6xcy77kui5061.jpg,1605771927.0,665,0.97,42,CasualUK,E9to5
jwxdgg,Tom Jones donates ¬£1 million,,https://i.redd.it/qnja2ors05061.jpg,1605765859.0,11218,0.95,160,CasualUK,scouserdave
jwq43p,'fish and chips',,https://i.redd.it/ckjz9zjg51061.jpg,1605738866.0,302,0.91,76,CasualUK,brjourno
jwotax,"‚ÄúJust you wait Rodney, this time next year, we‚Äôll be...dead?‚Äù (Yes, that‚Äôs a fucking hearse)",,https://www.reddit.com/gallery/jwotax,1605734721.0,99,0.96,18,CasualUK,TheeAJPowell
jwnffo,Lidl-brand River Phoenix on the news,,https://i.redd.it/fosmxtko32061.jpg,1605730505.0,171,0.9,16,CasualUK,OAK_CAFC
jwm65l,"As a child, this was the single most disappointing TV intro. Big building monster? Must be a brilliant cartoon coming up...",,https://youtu.be/gaKYAzJRXC4,1605726767.0,110,0.97,21,CasualUK,IsDinosaur
jwl86w,More Cumbrian beauty - Buttermere valley from Rannerdale Knotts,,https://i.redd.it/32uhqum8k1061.jpg,1605723971.0,238,0.98,5,CasualUK,DrWang156
jwkd3p,Spray painted on a house in my area.,,https://i.redd.it/xw7zo8coc1061.jpg,1605721422.0,611,0.97,152,CasualUK,LiaamGG69
jwj53f,These two enjoying the sunset tonight,,https://i.redd.it/nywqhsmx01061.jpg,1605717712.0,8326,0.99,123,CasualUK,VanJack
jwil6m,mcdonald‚Äôs drive thru,"hello. i‚Äôm phoebe. this is a throwaway account because i am embarrassed. i‚Äôm 23 and i have severe anxiety. since the start of lockdown, i have not left my house. recently, my therapist and i decided that i should go out so i thought maybe mcdonald‚Äôs. i have never ordered in the drive thru because i only learnt to drive last year.  how do i order? i have no idea and it terrifies me. i don‚Äôt know what will happen? i‚Äôm sorry if i sound stupid/ bother you this is a genuine request. thank you for any help :)

(sorry my caps lock button is broken and i don‚Äôt know how to do capitals any other way)",https://www.reddit.com/r/CasualUK/comments/jwil6m/mcdonalds_drive_thru/,1605715963.0,1957,0.97,237,CasualUK,7272721
jwh9ka,"I recreated the United Kingdom in Minecraft, as part of a fully playable map of Europe I've made using satellite data, 1:230 scale.",,https://i.imgur.com/o7pjVeI.jpg,1605711604.0,471,0.96,29,CasualUK,FrankCesco
jwgzy6,Officer down,,https://v.redd.it/yg5krcnng0061,1605710660.0,377,0.99,27,CasualUK,adadslife
jwgzuu,Right there with you mate,,https://v.redd.it/anqmqds6g0061,1605710652.0,711,0.99,26,CasualUK,nadrooJ
jwgh1y,"Out of all the ‚Äòinspirational‚Äô quotes, Kitchen is my favourite.",,https://i.redd.it/xpki77r8b0061.jpg,1605708837.0,293,0.97,25,CasualUK,mardypig
jwg00c,"First time my kitten has made it up on to the windowsill, and she's perplexed by the typical British weather of four seasons in one day!",,https://www.reddit.com/gallery/jwg00c,1605707049.0,1210,0.99,30,CasualUK,pugalugarug
jwf6ge,I see your 3 day old pasty and raise you an unusual duck,,https://i.redd.it/npbacfh0wzz51.jpg,1605703714.0,594,0.98,26,CasualUK,Apramian
jwerwx,This poor dormouse had to be rescued by the Isle of Wight dormouse group because he ate too much to get out of the feeder!,,https://i.redd.it/o3h8qtcnqzz51.jpg,1605701908.0,1655,1.0,73,CasualUK,Astringofnumbers1234
jwe041,PS5 London underground advertising,,https://www.reddit.com/gallery/jwe041,1605698277.0,4920,0.96,146,CasualUK,callum2703
jwdhxm,Bloody Audi drivers.,,https://i.redd.it/4uccclp08zz51.jpg,1605695643.0,1924,0.98,153,CasualUK,[deleted]
jwdch5,Slowest news day ever?,,https://i.redd.it/f5qvyb1j5zz51.jpg,1605694806.0,21086,0.96,756,CasualUK,rosseepoo
jwbtg8,"Skegness, UK. Sunrise. Happy Wednesday!",,https://i.redd.it/cf4xvn3cgyz51.jpg,1605686338.0,99,0.93,25,CasualUK,diddlydiddlydiddly1
jw4j32,Does anyone remember Billy bear meat?,,https://i.redd.it/22nld5l60wz51.jpg,1605656686.0,121,0.89,57,CasualUK,[deleted]
jw31xa,Glad to see the doggers are staying safe,,https://i.redd.it/lmakmulvlvz51.jpg,1605651876.0,338,0.95,34,CasualUK,samitheaxe
jw2tpi,Saw this on a website. I don't think it's real but even so I think it sums up British priorities perfectly.,,https://i.redd.it/n43rmoerjvz51.jpg,1605651165.0,258,0.98,26,CasualUK,Cirrus-Nova
jw1su3,"Thought I was going mad but after a quick chat with my mum, turns out it was just a vague memory of the lift in the Stoke Mothercare.",,https://i.redd.it/aumwxd4lavz51.jpg,1605648079.0,198,0.98,41,CasualUK,Calcudracula
jw0we9,Do your kids have mad names for things they don't know the real word for?,"My young daughter forgot the word for a bull so called it a ""sharp cow,"" and yesterday referred to the homeless as ""stray people.""

Anyone else's kids (or anyone) have any good ones?",https://www.reddit.com/r/CasualUK/comments/jw0we9/do_your_kids_have_mad_names_for_things_they_dont/,1605645409.0,142,0.94,117,CasualUK,Cthuglhife
jw0710,"I saw this in the Metro - Pete, wherever you are these are very wise words üëå",,https://i.redd.it/f1yr8ppewuz51.jpg,1605643312.0,14758,0.95,523,CasualUK,coolgirlonthetrain
jvzyn9,"GBBO Live Discussion ‚Äì Week 9, Patisserie! [17/11/2020]","Good evening everyone, it‚Äôs week 9 of Bake Off! That means we‚Äôve reached the semi-finals!

Last week was quite the mixed bag. They started with mini cheesecakes which, like the brownie challenge earlier in the series, most of the bakers overcomplicated and ruined. They then made a disgusting looking suet putting with an ENTIRE LEMON in it for the technical, which they all failed at completely. They then made some beautiful jelly art cakes, although both Peter and Marc had a bit of a mare.
Laura won the technical by being less shit than everyone else, and poor Marc was eliminated.

---

Our [hosts](https://imgur.com/Ow7ji19) remain the same, so let‚Äôs see the contestants stats:

Baker | Observations | Hollywood handshakes | Technical challenges won | Star baker crowns | Week eliminated
---|---|---|---|---|---
[Dave](https://imgur.com/a/hms0wYp) | Owns an irl [doge](https://imgur.com/gallery/HeGEEbu)! | - | 1 | 1 | -
[Hermine](https://imgur.com/a/ifCRGRm) | - | 1 | 1 | 1 | -
[Laura](https://imgur.com/a/RkT1j1f) | Theatre lover &lt;3 | - | 1 | 1 | -
[Linda](https://imgur.com/a/PcsoJJF) | Babka Queen | - | 2 | - | Week 5
[Loriea](https://imgur.com/a/qgklZRN) | Too experimental | - | - | - | Week 1
[Lottie](https://imgur.com/a/F9yiAID) | A bit ‚Äòall over the place‚Äô | 1 | - | 1 | Week 7
[Makbul](https://imgur.com/a/UvNUQR7) | Wrongfully evicted | - | - | - | Week 2
[Marc](https://imgur.com/a/6gpU7wq) | One legged &amp; great | - | - | 1 | Week 8
[Mark](https://imgur.com/a/f8WUy2b) | - | - | - | 1 | Week 6
[Peter](https://imgur.com/a/B4bAabC) | A literal child | - | 2 | 1 | -
[Rowan](https://imgur.com/a/e33Zppk) | Eccentric but shit at baking | - | - | - | Week 3
[Sura](https://imgur.com/a/aACtO6g) | Fly swatter and saboteur | - | 1 | - | Week 4

---

On with the show!",https://www.reddit.com/r/CasualUK/comments/jvzyn9/gbbo_live_discussion_week_9_patisserie_17112020/,1605642613.0,68,0.78,1090,CasualUK,meteoritee
jvzf0s,Mushrooms in Bedgebury Pinetum üçÑ (East Sussex),,https://i.redd.it/h0vd5nndpuz51.jpg,1605640946.0,108,0.98,10,CasualUK,jamathers
jvzaxy,Someone on my road has got jokes.,,https://i.redd.it/cboyxxfcouz51.jpg,1605640604.0,285,0.97,15,CasualUK,enjybanjy
jvy4tr,Half of my Kinder Egg was double layered! (Toy was pretty awesome too.),,https://www.reddit.com/gallery/jvy4tr,1605637053.0,663,0.97,50,CasualUK,oocytesyobrr
jvxt4n,I fucking love Tunnock‚Äôs Caramel Bars.,Thanks to 18 years of getting them in my Christmas stocking. Can‚Äôt get enough of them still.,https://www.reddit.com/r/CasualUK/comments/jvxt4n/i_fucking_love_tunnocks_caramel_bars/,1605636074.0,207,0.95,45,CasualUK,[deleted]
jvv2or,Big fat autumn garden spider. Aren‚Äôt they beautiful close up?,,https://i.redd.it/mzzfcr44ltz51.jpg,1605627415.0,78,0.82,22,CasualUK,Trilobite_Tom
jvuy4q,SkegVegas looking lovely,,https://i.redd.it/ah37wwwujtz51.jpg,1605626987.0,118,0.94,14,CasualUK,hanssuperhans
jvtmj6,"Death, Taxes, and students vandalising the Bateman Street sign",,https://i.redd.it/wgwt4thx5tz51.jpg,1605622316.0,755,0.98,49,CasualUK,EddMiles
jvsvzs,[Citation needed],,https://i.redd.it/deawjmqaxsz51.png,1605619405.0,8154,0.98,312,CasualUK,CheapSweet
jvshrv,"Wrexham AFC have been bought by Ryan Reynolds and Rob McElhenney. Here they are introducing themselves and promoting Wrexham's club sponsor, a local trailer manufacturer in Wales.",,https://twitter.com/Wrexham_AFC/status/1328339177746927624,1605617691.0,218,0.97,86,CasualUK,BigBeanMarketing
jvrt8x,"Lockdown Tasting Menu 2: Fishcake. Salmon and bean savoury cake, with a salmon mousseline and some severed heads.",,https://i.redd.it/z8qhon5oisz51.jpg,1605614477.0,799,0.95,190,CasualUK,FecklessFridays
jvrntu,Good Morning,,https://i.imgur.com/I9Tkp35.jpg,1605613689.0,110,0.84,35,CasualUK,[deleted]
jvqswy,Google boldly comes down on one side of the debate,,https://i.redd.it/0fomiixm2sz51.png,1605609100.0,3919,0.98,382,CasualUK,mayonnaisebemerry
jvqq6g,"Getting an insight into your other half's ""work persona"" when working from home together and being surprised at what you discover.","I still don't have a full understanding of what he does for a living, but from fleeting and occasional overhearing of calls - my husband sounds extremely competant and appears to have a strong ""get things done"" kinda attitude. Which seems to be in contrast to how he acts with life admin and the general running of our household haha.

I am pleasantly surprised at ""discovering"" this side to him that I'm not usually privy to when he is in the office - even after all these years together...",https://www.reddit.com/r/CasualUK/comments/jvqq6g/getting_an_insight_into_your_other_halfs_work/,1605608672.0,623,0.98,136,CasualUK,hello_pinky
jvqec9,Spot the obvious mistake,,https://i.redd.it/kcek2cj0wrz51.jpg,1605606857.0,493,0.97,72,CasualUK,HotPinkLollyWimple
jvqdpn,Anyone else stuck wondering if house prices will ever stop increasing and they'll ever be able to buy their own place?,"I don't want to grumble, but house prices have shot up during the pandemic and continue to head skywards. In the meantime, like a lot of people, my work has cut back my hours and prospects look shaky as we go in &amp; out of lockdowns like it's the hokey cokey...but prices keep rising.¬†

So the money I'd been saving for a deposit, well I've got to dip into it and seems like the moving target keeps pulling away faster than I can save up. Anyone else in the same boat and how do you manage?",https://www.reddit.com/r/CasualUK/comments/jvqdpn/anyone_else_stuck_wondering_if_house_prices_will/,1605606758.0,1499,0.98,804,CasualUK,VeolaScheidt
jvqd8s,"Three conkers I saved from 1996,1997,1998",,https://i.redd.it/704hg1bjvrz51.jpg,1605606697.0,1210,0.99,51,CasualUK,graspee
jvpogd,Discovered Iced Madeira cake is basically cheap birthday cake! We've been celebrating almost every day since march.,,https://i.redd.it/whewztirjrz51.jpg,1605602741.0,294,0.95,33,CasualUK,I_Stubbed_my_Knob
jvp35o,"A customer emailed me yesterday and said ""I'm going to circle back with an update."" After I vomited, I wondered what other bulls*** bingo you guys may have been subjected to lately?","Blue skying, brain dumping, value propositions, what cringe inducing codswallop have you witnessed lately?",https://www.reddit.com/r/CasualUK/comments/jvp35o/a_customer_emailed_me_yesterday_and_said_im_going/,1605599489.0,138,0.91,381,CasualUK,WizardBloke
jvistw,Go home river you're drunk (Orkney),,https://v.redd.it/9me0xrho2pz51,1605572796.0,190,0.99,10,CasualUK,MillionMoons
jvh2mf,"I love living in London, but I miss Wales",,https://i.redd.it/mxq39h5skoz51.jpg,1605566760.0,12678,0.98,319,CasualUK,MrBoxwine
jvexnt,The poor BBC One narrator having to improvise when BBC One encountered technical difficulties,,https://v.redd.it/evpwsnmk0oz51,1605560023.0,3070,0.98,179,CasualUK,[deleted]
jvde6n,Is it just me or does a bournville finger sound like sex thing? (I bought these as my fianc√© prefers dark chocolate things),,https://i.redd.it/xnadfleumnz51.jpg,1605555348.0,249,0.93,79,CasualUK,Quiet_Perspective_27
jvaadv,"This was in the letterbox earlier. I live in a 2nd floor flat, and didn't think that I had a conservatory. I'm too excited to open it.",,https://imgur.com/gallery/7EvqDCc,1605545879.0,89,0.94,15,CasualUK,Pkpkpkpk_
jv9cj0,Recycle your girlfriends here,[deleted],https://i.redd.it/v7dekecolmz51.jpg,1605542858.0,327,0.89,32,CasualUK,[deleted]
jv8m0d,"BRB, just taking the horse for a walk. How big must his poo bags be!",,https://i.redd.it/oplsd6eeemz51.jpg,1605540399.0,83,0.96,30,CasualUK,k90de
jv7uam,Ever listen to the BBC World Service ?,,https://www.reddit.com/gallery/jv7uam,1605537682.0,64,0.95,23,CasualUK,ugalumfga
jv77x8,"Between the storms, we were lucky enough to get cracking weather up Derwent Reservoir in Derbyshire",,https://i.redd.it/v1pi0777zlz51.jpg,1605535334.0,174,0.97,16,CasualUK,sjwright86
jv6bgx,"Big fire in Bradford, been raging since 4:30",,https://v.redd.it/u00v924vnlz51,1605531509.0,66,0.91,56,CasualUK,Apex_Legend026
jv5911,Applying for a UK visa. The questions escalated quickly!,,https://i.redd.it/djghjnhkykz51.png,1605526139.0,147,0.96,79,CasualUK,steinyrec
jv52wc,I must have missed the episode of postman Pat where we found out Optimus Prime was his father!,,https://i.redd.it/evf6y5335lz51.jpg,1605525178.0,473,0.98,32,CasualUK,nr510
jv4pco,This seal looks like an upside down eclair,,https://i.redd.it/m9j5tmuvykz51.jpg,1605523076.0,1744,0.99,40,CasualUK,BasseyImp
jv3tuj,Hello everyone! I have made this 3D elevation render of Scotland based on a 1938 map from Ordnance Survey. I hope you like it.,,https://i.redd.it/04u6clrnjkz51.jpg,1605518013.0,14883,0.96,346,CasualUK,TheItinerarium
jv3225,The rather splendid Japanese Maple in my Front garden looks lovely in Autumn.,,https://imgur.com/itBCiMi,1605513528.0,778,0.98,34,CasualUK,knocker1980
juylb2,My dad just sent me this. Waitrose are literally selling shredded paper for 3 quid a bag.,,https://i.redd.it/8ct71v69hiz51.jpg,1605492982.0,279,0.99,71,CasualUK,FatPatsThong
juw16n,Did the create a flavour get out of hand on the internet?,,https://i.imgur.com/lWvfOHj.jpg,1605483173.0,166,0.92,21,CasualUK,sillyness
juvewb,why do they join them together?,[deleted],https://i.ibb.co/R0wqRKd/20201115-143821.jpg,1605480895.0,70,0.93,26,CasualUK,[deleted]
juv66n,An autumnal afternoon in Kent.,[deleted],https://i.redd.it/ctmq0zruehz51.jpg,1605480030.0,166,0.99,3,CasualUK,[deleted]
juufb4,S4E4 The Crown - that‚Äôs not very nice...,,https://i.imgur.com/nxNGvtH.jpg,1605477415.0,128,0.97,3,CasualUK,MrJoombles
jut18v,The Fast Show is hilarious and would still resonate with audiences today,"I encourage anyone who hasn‚Äôt watched it to tune in some time on gold, it‚Äôs on quite regularly. In a world where short snappy content is king with tik tok the fast show still feels modern even after all these years",https://www.reddit.com/r/CasualUK/comments/jut18v/the_fast_show_is_hilarious_and_would_still/,1605472753.0,66,0.94,47,CasualUK,doswankos
jus93j,Made posh crumpets for the first time ever and good god has my life changed for the better.,,https://i.redd.it/xmcy0krslgz51.jpg,1605470250.0,158,0.92,35,CasualUK,cool-as-a-cucumber_
jus7q3,Greg Davies,,https://i.redd.it/op40xazcuez51.jpg,1605470121.0,2485,0.99,51,CasualUK,flatworm_elk
jus75w,"Turns out my great grandfather was a bit of a dick! (Or a massive legend, not sure) robbed the bookies in Dumfries, got pissed, woke up in London.",,https://i.redd.it/k1m2uci9lgz51.jpg,1605470067.0,79,0.97,16,CasualUK,andicurriemonster
jurzee,"Randomly went to Dungeness, UK and this happened. Epically windy, few 100 meters from a Nuclear Power Plant too.",,https://i.redd.it/15bojez9bgz51.jpg,1605469368.0,270,0.97,42,CasualUK,sayittomeplease
jurcc4,We got a record time in Leeds Castle maze just by following the one way system,,https://i.imgur.com/diyPkfe.jpg,1605467220.0,11534,0.98,176,CasualUK,milvus
jupi9n,First time ever seeing someone spend ¬£900 on alcohol at Tesco. This isn't even all of it as some had been scanned already!,,https://i.redd.it/kw9gb96aufz51.jpg,1605460993.0,195,0.95,114,CasualUK,mrsmaisiemoo
juoqnz,"My dad put scrambled eggs on top of leftover pizza then had the audacity to call it a discount English breakfast since it had egg, toast, sausage, tomato and mushrooms",,https://i.redd.it/g33ugc9imfz51.jpg,1605458380.0,1665,0.98,174,CasualUK,[deleted]
juo9zc,It‚Äôs all kicking off in Perthshire,,https://i.imgur.com/AtOxsGX.jpg,1605456720.0,102,0.95,14,CasualUK,kungpowfunk
juna8g,"Just a Casual Series of Ongoing Explosions Outside, Average Sunday.",,https://i.redd.it/w4eqbsan6fz51.jpg,1605453052.0,68,0.97,3,CasualUK,ImARoadcone_
jumtbs,When you have to explain your Amazon history to your wife. I was looking for a book about crustaceans for our son specifically Japanese Spider Crabs. My history shows ‚Äòbooks about crabs for teenagers‚Äô.,,https://www.reddit.com/r/CasualUK/comments/jumtbs/when_you_have_to_explain_your_amazon_history_to/,1605451082.0,71,0.9,11,CasualUK,Exemplar1968
julfs9,What's the best Crucials sauce? And why is it Chilli &amp; Garlic?,,https://i.redd.it/p7qc3apuhez51.jpg,1605444800.0,79,0.84,68,CasualUK,Beanzthebear
jul7s1,A break in the rain this morning,,https://i.redd.it/xzl0w47neez51.jpg,1605443628.0,86,0.93,0,CasualUK,NoHagridImJustHarry
jul772,When life doesn't give you a front garden...,,https://www.reddit.com/gallery/jul772,1605443550.0,112,0.93,22,CasualUK,TripleBobatron
juko1i,Bought crumpets for the first time today and apparently I buttered it wrong...,"I buttered the smooth side but it occurred to me that I could have buttered the rough side to trap butter in the air pockets. So I asked an English friend if there was a ""correct"" way.

His response? 

""The rough side, you lunatic"".

Context: I'm a graduate student who's lived here for about two years now.",https://www.reddit.com/r/CasualUK/comments/juko1i/bought_crumpets_for_the_first_time_today_and/,1605440644.0,258,0.97,104,CasualUK,jharismaiden
juk8j4,Can‚Äôt decide if I‚Äôm going to get upvotes or downvotes for this one. Doing a Mary Berry cake and didn‚Äôt have chocolate for the ganache so my son volunteered his Freddos,,https://i.redd.it/6q7pv4yaydz51.jpg,1605438133.0,22229,0.91,579,CasualUK,donnakim82
juk0e7,Des O Connor passing reminded me of his daytime show with Melanie Sykes which reminded me of this pearler! Boddingtons Advert,,https://youtu.be/XEEU1nQeGNA,1605436748.0,103,0.94,13,CasualUK,dogburster
jujyyr,415 Volts... ACID... and a LASER!!,[deleted],https://i.redd.it/f3waz2cdtdz51.jpg,1605436479.0,641,0.98,71,CasualUK,[deleted]
jujygh,Every little helps!,,https://i.redd.it/925d0zb4tdz51.jpg,1605436388.0,86,0.87,18,CasualUK,skunky_x
iv8r0l,"Anybody else own this exact screwdriver, but smaller?",,https://i.redd.it/hk8vo8k5ixn51.jpg,1600444671.0,19820,0.97,192,CasualUK,dontmentiontrousers
isg2p6,This morning‚Äôs office,,https://i.redd.it/ju2lsqxub2n51.jpg,1600067235.0,1148,0.99,26,CasualUK,5laps
isft7e,I subscribed to this sub by accident but always enjoyed it so I never deleted it.,"
Throughout my time here I‚Äôve enjoyed seeing part of the U.K. and I‚Äôve come to the conclusion as a yank you have an amazing country.  I had no idea that you had so much to offer. The mountains, the small towns and especially the sea coast is so beautiful. I hope I have the opportunity to visit one day. Cheers",https://www.reddit.com/r/CasualUK/comments/isft7e/i_subscribed_to_this_sub_by_accident_but_always/,1600065979.0,286,0.93,94,CasualUK,Farkleyer
isfe4q,I don‚Äôt even want to know how this happened,,https://www.reddit.com/gallery/isfe4q,1600063983.0,9084,0.97,195,CasualUK,Feltipfairy
isf8cx,"Almost 2 years ago, coastal erosion uncovered dinosaur footprints dating back at least 100 million years in my hometown Hastings.",,https://www.bbc.co.uk/news/uk-england-sussex-46594370,1600063231.0,381,0.99,7,CasualUK,TAMH13
b9vv8x,Passive-aggressive neighbours strike again,,https://i.redd.it/2dml767v3iq21.jpg,1554494225.0,294,0.97,52,CasualUK,laechoppe
b9vtr3,Going through photos of last summer and found this shot of Corfe station.,,https://i.redd.it/uccp7x8z2iq21.jpg,1554494021.0,4035,0.99,123,CasualUK,KillerFloof
b9ueo6,The taste of the local park.,,https://i.redd.it/c1skw2k8ihq21.png,1554486934.0,87,0.97,36,CasualUK,mrsmunton
b9u9x0,They almost got me there,,https://i.redd.it/n92pqs29ghq21.jpg,1554486267.0,66,0.94,8,CasualUK,le_kommie
b9u6k5,Classic bit of comedy spotted in Cirencester,,https://imgur.com/oDFQU3B,1554485808.0,142,0.97,5,CasualUK,halichoeres_bivitta
b9u1il,April 5th 2019...the Christmas Tree lives on,,https://i.redd.it/x30kk9awchq21.jpg,1554485139.0,116,0.96,32,CasualUK,Tash228095
b9st9j,Just discovered Nescaf√© Azera coffee lids fit on any tin. No more dog food hummin fridge!,,https://i.redd.it/cabl61t9vgq21.jpg,1554479212.0,289,0.97,48,CasualUK,5elliel
b9sl1s,Last day at work. I thought I would bring in something the whole office could enjoy.,,https://i.redd.it/engo3yixrgq21.jpg,1554478091.0,164,0.98,16,CasualUK,poscaldious
b9s72c,Front page news,,https://i.redd.it/zanjwo37mgq21.jpg,1554476158.0,238,0.99,12,CasualUK,chalkcats
b9rjjd,Woke up from general anesthesia to this,,https://imgur.com/sUSJ5uf,1554472792.0,132,0.96,9,CasualUK,Geekfish88
b9ra05,"Wasdale, Lake District today",,https://i.redd.it/gr9thhlk7gq21.jpg,1554471244.0,173,0.98,11,CasualUK,scootysanchez
b9qz5n,Not even Micky could bear Portsmouth,,https://i.redd.it/c0y8efrl2gq21.jpg,1554469569.0,83,0.96,5,CasualUK,Tiernoon
b9qgsp,The eyes of evil! Smash Hits advert for British Rail from the 1980s. Sinister on so many levels.,,https://i.redd.it/0ohighxrsfq21.jpg,1554466554.0,137,0.99,35,CasualUK,[deleted]
b9qgi3,"Bravo Jim, bravo.",,https://i.redd.it/wng2t20itfq21.jpg,1554466508.0,1858,0.98,42,CasualUK,chrislaker92
b9pzwb,This made me laugh far louder than it should have done. Bloody idiots ü§£.,,https://i.redd.it/2tmb3tnxkfq21.jpg,1554463628.0,625,0.98,45,CasualUK,mercurialmarketeer
b9paz6,"Science confirms that cats recognise their own name, they just don't care",,https://www.manchestereveningnews.co.uk/news/world-news/science-confirms-cats-recognise-name-16081140,1554458807.0,129,0.96,35,CasualUK,tmstms
b9p7ra,How do you Londoners do this every day? Any tips for a Northerner down south?,,https://i.redd.it/irq6s7tk4fq21.jpg,1554458131.0,131,0.98,94,CasualUK,yensid33
b9ooc3,"Optimism of the highest order at Reading train station this morning. 3 trains due within 1 minute at 1 platform. And the first to arrive/leave was a completely different train, 10 minutes later, on the opposite platform.",,https://i.redd.it/odj4rknhreq21.jpg,1554453726.0,80,0.95,22,CasualUK,jammycarrot
b9ojfu,Quite a few bee's in this house,,https://v.redd.it/dy93b9rqneq21,1554452533.0,1977,0.97,216,CasualUK,AntiSocialMackerel
b9o2ii,"On the wildlife theme, some of my recent trail camera videos of hares",,https://v.redd.it/0b8wuj57aeq21,1554448543.0,1339,0.99,54,CasualUK,inevitablelizard
b9npor,I wonder what their favourite tea is?,,https://i.redd.it/bke1p9zk3eq21.jpg,1554445684.0,237,0.99,26,CasualUK,thermodynamic_scribe
b9jy35,You know what the top of this hill in the middle of nowhere needs? A pub!,,https://i.redd.it/gvnqo8ov0cq21.jpg,1554420564.0,99,0.98,33,CasualUK,[deleted]
b9j61x,Well..,,https://i.redd.it/ra5884olnbq21.jpg,1554416113.0,173,0.97,46,CasualUK,rolotonight
b9ig1y,Came home from work today to see the neighbour got a new pet,,https://v.redd.it/xc9xqys2cbq21,1554412288.0,590,0.99,17,CasualUK,redditguy1298
b9htbx,I made friends with a rather pleasant pheasant,[deleted],https://i.redd.it/k7n8mqeq2bq21.jpg,1554409170.0,3680,0.99,139,CasualUK,[deleted]
b9ho0e,My local ‚Äúspotted‚Äù page isn‚Äôt the helpful variety.,[deleted],https://i.redd.it/6vfj9ftt0bq21.jpg,1554408437.0,2991,0.96,59,CasualUK,[deleted]
b9hej4,Spotted three ducklings having a paddle in a puddle today in Cirencester,[deleted],https://i.redd.it/jjnvnbbywaq21.jpg,1554407137.0,111,0.95,10,CasualUK,[deleted]
b9g451,Dont have the heart to tell him it's technically a BMW...,,https://i.redd.it/gspwkfqneaq21.jpg,1554400985.0,80,0.92,23,CasualUK,BlackShuckChuck
b9f5uw,"My crisps also sent me a message, should I call a priest?",[deleted],https://i.redd.it/d8jrik8u0aq21.jpg,1554396337.0,205,0.95,19,CasualUK,[deleted]
b9e60t,Golf rules during the blitz,,https://i.redd.it/e7dmksh9n9q21.jpg,1554391775.0,699,0.99,42,CasualUK,nicbrit93
b9e23d,Lovely old pub in Leeds.,,https://i.redd.it/fxv3kn2ql9q21.jpg,1554391265.0,243,0.96,30,CasualUK,jimboconker77
b9dk3r,When you get heckled by poultry.,,https://i.redd.it/vj2cig8de9q21.jpg,1554388817.0,153,0.98,16,CasualUK,cowbap
b9df0x,Wow it‚Äôs crazy the stuff you can buy at Tesco nowadays! (Loud),,https://v.redd.it/kx8zv7pac9q21,1554388154.0,199,0.9,13,CasualUK,Pantaquad22
b9cwev,Wales... You alright over there?,,https://i.redd.it/q10lstto49q21.jpg,1554385557.0,85,0.98,13,CasualUK,WufflyTime
b9css0,"Having a fairly good day so open Spotify to choose something to listen to while I‚Äôm having a tea break. These ‚Äúrecommended playlists‚Äù pop up at the top. Thanks Spotify, I‚Äôll go back to being miserable then.",,https://i.redd.it/qnxm0w2739q21.jpg,1554385019.0,144,0.97,20,CasualUK,frozenslushies
b9cjbq,My local B&amp;M has some good deals on at the moment...,[deleted],https://i.redd.it/541ziqmqy8q21.jpg,1554383523.0,60,0.96,8,CasualUK,[deleted]
b9cd78,I'd like to make a withdrawal please,,https://i.redd.it/kq5sydnxv8q21.jpg,1554382580.0,96,0.98,8,CasualUK,[deleted]
b9cbb1,My boy has had enough of this miserable weather!,,https://i.redd.it/tvll49d0v8q21.jpg,1554382270.0,58,0.88,5,CasualUK,ElvenPrincess97
b9bznb,My Asda card reader was backwards,,https://i.redd.it/101fp7x5p8q21.jpg,1554380311.0,108,0.98,36,CasualUK,dannysherms
b9brjo,"Perfect British spring - sun, blue skies, and... hail",,https://i.redd.it/rorj8c9bl8q21.jpg,1554379020.0,131,0.99,4,CasualUK,f36263
b9bjwq,It will definitely open in May.,,https://i.redd.it/hsjyrlqah8q21.jpg,1554377655.0,65,0.94,3,CasualUK,[deleted]
b9bgjq,This pigeon having a bath. My husband insisted I post it because he didn‚Äôt know pigeons can swim.,,https://i.redd.it/mo9jn2qaf8q21.jpg,1554376998.0,202,0.97,25,CasualUK,bounie
b9b9e4,People complain about snow in April.. here is my dog loving life instead,,https://v.redd.it/x459vrqwa8q21,1554375563.0,159,0.98,7,CasualUK,marriott81
b9a97v,Legit low-effort poster for Mr Jim Davidson in Cwmbran. A work of art.,[deleted],https://i.redd.it/3ttdjmlfn7q21.jpg,1554367619.0,82,0.97,33,CasualUK,[deleted]
b9a41n,I'm currently under siege by this nasty piece of work. Help.,,https://imgur.com/XSfdV01.jpg,1554366309.0,773,0.99,91,CasualUK,SirButteryToast
b9a3cb,Happy new year! Except Brian,,https://i.redd.it/qsw62c21j7q21.jpg,1554366141.0,199,1.0,10,CasualUK,Theoretical_Scot
b99zl0,Nothing important but I‚Äôd just like to let you all know I saw a duck this morning. Thank you for listening.,,https://i.redd.it/mnaxpgsbg7q21.jpg,1554365274.0,30638,0.93,611,CasualUK,highlander2189
b99hov,Inventive graffiti at a Birmingham train station,,https://i.redd.it/n0kc0wv357q21.jpg,1554361449.0,1715,0.98,29,CasualUK,JayusExMachina
b99gz7,Night shift life- steak kebabs &amp; 8% cider at 7.30am.,[deleted],http://i.imgur.com/ihleYC4.jpg,1554361299.0,144,0.9,60,CasualUK,[deleted]
b9937t,19:30 sunset all year round please! -Black Rocks Derbyshire,,https://i.redd.it/1u0w7cf2w6q21.jpg,1554358423.0,53,0.93,2,CasualUK,LoamWolf98
b94m9j,Yakking up his tea,,https://i.redd.it/7i034z2dj4q21.png,1554330229.0,86,0.98,5,CasualUK,[deleted]
b93hqo,Where the fuck are they??!!,,https://i.redd.it/7vsdfndu02q21.jpg,1554324439.0,395,0.97,13,CasualUK,[deleted]
b93cl6,Just baked a cake to take to work tomorrow. Went with a nice Easter theme...,,https://i.redd.it/4d2bu2r014q21.jpg,1554323770.0,109,0.95,15,CasualUK,signalstonoise88
b92q9y,It was never about the taste...just the experience,,https://i.redd.it/ujl5oercs3q21.jpg,1554320840.0,175,0.97,26,CasualUK,10bitpixel
b92hi9,Happy Birthday Mr Shart,,https://imgur.com/fUObLu1,1554319723.0,8113,0.98,77,CasualUK,custardgash
b92dt2,View from Ilkley Moor on Sunday,,https://i.redd.it/83svfdpln3q21.jpg,1554319252.0,118,0.97,33,CasualUK,JonnyHowson
b926zf,I love it when you have to explain English words to a none native speaker,"I just explained ""dainty"" to my Egyptian mate at work by dancing like a camp butterfly. And it was a learning experience for us all.",https://www.reddit.com/r/CasualUK/comments/b926zf/i_love_it_when_you_have_to_explain_english_words/,1554318397.0,71,0.92,41,CasualUK,Bobinator2000
b91rpx,Sky bastard stealing from Gregg's.,,https://v.redd.it/xd5ry4yeayp21,1554316414.0,65,0.91,16,CasualUK,ChunkyTheHutt
b91384,Birmingham‚Äôs finest dining,,https://v.redd.it/y7c4bv2k53q21,1554313214.0,290,0.97,13,CasualUK,theaspillsthetea
b90l0k,Sedated Vampires,,https://i.redd.it/b5lnqdlmq2q21.jpg,1554310836.0,61,0.95,11,CasualUK,[deleted]
b90fle,A bit of obvious Health and Safety at the New Spurs Stadium,,https://i.redd.it/gra6qeghw2q21.jpg,1554310125.0,93,0.96,17,CasualUK,Jgunn08
b90fg5,Kate Bush as Quality Street: A Thread,,https://twitter.com/notjoebulger/status/1113426057909108736?s=21,1554310107.0,50,0.93,3,CasualUK,[deleted]
b90bpv,Northern trains: made from the best bits of old buses and left over plane parts,,https://i.redd.it/fjwdgg0yu2q21.jpg,1554309608.0,161,0.97,14,CasualUK,daniielrp
b9086v,God Bless BST.,,https://imgur.com/FMjBb59,1554309152.0,172,0.97,15,CasualUK,georgekeele
b8xxf8,Sad Day üò¢ ü¶à,,https://twitter.com/jimwaterson/status/1113365348244439040?s=12,1554297957.0,57,0.97,5,CasualUK,iam10ninjas
b8wprt,"A fridge magnet I bought at a pound shop in Japan. Bless them, they tried.",[deleted],https://i.redd.it/9r31ebyva1q21.jpg,1554290752.0,499,0.99,49,CasualUK,[deleted]
b8weky,Have you ever wondered what it would look like if the r/casualuk mods had a Men At Work sign designed especially for them?,,https://i.redd.it/btgvulkk41q21.jpg,1554288700.0,676,0.98,10,CasualUK,panicky_in_the_uk
b8w93p,Foggy view of Teddington Lock this morning,,https://i.imgur.com/SM8OYsq.jpg,1554287631.0,113,0.99,10,CasualUK,Dunksterp
b8w8n8,A cosy bus stop I saw in Shetland,,https://i.redd.it/7h31fg7b11q21.jpg,1554287531.0,256,0.99,16,CasualUK,TeacherBekah
b8vuvg,Smashing view of the Thames from Kingston Bridge this morning,[deleted],https://i.redd.it/pi42ls4ps0q21.jpg,1554284679.0,8742,0.97,173,CasualUK,[deleted]
b8vaue,What Happened To Spring?,,https://i.redd.it/vrb70lc2f0q21.jpg,1554280057.0,88,0.97,18,CasualUK,kthxxbb
b8v75g,My giant wabbit enjoying the nice weather we had the other day,,https://i.redd.it/ppn5si0fc0q21.jpg,1554279167.0,365,0.95,21,CasualUK,Cult-Promethean
b8uw39,Morning all,,https://i.redd.it/52ylabbw40q21.jpg,1554276631.0,120,0.98,12,CasualUK,bigolbur
b8uktq,"After yesterday's grotty weather, I woke up to my favourite dog walking weather :)",,https://imgur.com/tVcn3n8.jpg,1554274119.0,96,0.99,14,CasualUK,CandleJakk
b8tfpe,Children‚Äôs clinic trying to make me paranoid,,https://i.redd.it/j4fds8u67zp21.jpg,1554265295.0,401,0.99,15,CasualUK,Finleychops
b8pemg,Eating my quavers to notice a hidden message was waiting for me üá¨üáß,,https://i.redd.it/icb023gh8xp21.jpg,1554241518.0,7338,0.96,123,CasualUK,scorpioskillz
b8oyia,"Saw this in the petrol station today, who reads this?",,https://imgur.com/kr7rX43.jpg,1554239331.0,84,0.97,56,CasualUK,haxx77
b8ofyy,"Despite his tail fanning, deep cooing, and dramatic bowing, he stands once more a lonely pigeon, spurned in his attempts to find love",,https://i.redd.it/34eg19wptwp21.jpg,1554236817.0,216,0.97,25,CasualUK,Woody_Pigeon
b8ne1d,New chalk sign in my local.,,https://imgur.com/guosczN.jpg,1554231691.0,121,0.84,24,CasualUK,[deleted]
b8m5yi,My faith in humanity has been restored thanks to a sympathetic train manager,Just been to Edinburgh with the wife for a night as an anniversary present. We were just sat in the hotel bar killing time before we had to catch our train when the missus suggested checking the times on the tickets one last time just to be sure. All booked throug a travel agents by a family member so I thought there wouldnt be an issue. Its was then we noticed that the tickets had tomorrows date on! Panic set in and we dashed to the train station early to try and sort it. Long story short we ended up catching a Train Manager on an outbound LNER train who said if we were quick we could jump on his train no bother as it was stopping at Darlington where we were heading. We were just in the nick of time as they were closing the doors as we ran up! Absolute legend. He turned what could have an utterly horrendous situation and a highly expensive nightmare into a pleasant journey down the east coast of Scotland. Nice to know there are good people out there,https://www.reddit.com/r/CasualUK/comments/b8m5yi/my_faith_in_humanity_has_been_restored_thanks_to/,1554225827.0,69,0.97,13,CasualUK,jackfletch89
b8m22l,"Checked this coin I got as change a couple days ago, I had no idea these coins existed! Shows how often I use cash considering this is from 2017",[deleted],https://imgur.com/vnq0URM,1554225321.0,83,0.93,29,CasualUK,[deleted]
b8lm6r,Found some advice on a train from Harwich,,https://i.redd.it/8b77lec7qvp21.jpg,1554223263.0,149,0.98,18,CasualUK,radiosmile
b8kxl3,"Its been an honour boys and girls, but the weather jumping from scorching hot, to pissing rain and now hailstone all in the last 45 minutes is a clear sign of the apocalypse. British summer on steroids. In spring.",[deleted],https://v.redd.it/k9fziipngvp21,1554220116.0,129,0.99,23,CasualUK,[deleted]
b8kxbo,Ahhhh the lovely people you meet.,,https://v.redd.it/q46emv7i3up21,1554220063.0,54,0.93,39,CasualUK,SuttonHooHelmet
b8j47n,Two Little Lambs Near Low Force Falls,,https://i.redd.it/hl3jwgwvpup21.jpg,1554211109.0,60,1.0,4,CasualUK,kthxxbb
b8i7ir,"Walking down Pall Mall, stopped to have a cuppa and came across this small and hidden memorial under a tree. It happens to be Britain‚Äôs only memorial to a Nazi...a dog named Giro :)",,https://i.redd.it/94m758gnaup21.jpg,1554205970.0,92,0.98,11,CasualUK,crazycockerels
b8i5vn,Something doesn't add up here,,https://i.redd.it/nl4yytdt9up21.png,1554205670.0,65,0.93,28,CasualUK,RuthBaderBelieveIt
b8gok9,Collection of bath ducks,,https://i.redd.it/o9b9sl1hftp21.jpg,1554195449.0,94,0.98,21,CasualUK,Anka13333
b8gjau,These two cars have sequential numberplates,,https://i.imgur.com/XtmtgBn.jpg,1554194355.0,102,0.93,34,CasualUK,kumquat_may
b8gezf,"Imagine sitting at home watching Storage Hunters UK and suddenly realising the hand restored 1950s Vespa that a shouting man just bought was yours, and you‚Äôd forgotten to pay the storage fee.",Gutting.,https://www.reddit.com/r/CasualUK/comments/b8gezf/imagine_sitting_at_home_watching_storage_hunters/,1554193380.0,187,0.98,32,CasualUK,AnthonyDawnwalker
b8g8xm,He only took his glasses off,,https://i.redd.it/dnorujnd5tp21.jpg,1554192043.0,19948,0.95,470,CasualUK,YoungGazz
b8g0gc,"I have 2 tickets to the filming of QI tonight, who wants them?","As the title said, 2 free tickets to the filming of QI in London BBC studios. I can‚Äôt go due to work, but if anyone wants them they‚Äôre yours. ",https://www.reddit.com/r/CasualUK/comments/b8g0gc/i_have_2_tickets_to_the_filming_of_qi_tonight_who/,1554190284.0,84,0.98,27,CasualUK,millsytime
b8ciw3,"No longer shall I be a slave to wetherspoons and their halloumi fries. I made my own! First attempt. Bit too salty, will change some stuff next time.",,https://i.redd.it/2rpqj6lg6rp21.jpg,1554168195.0,1163,0.97,127,CasualUK,Talos-the-Divine
b89kws,Sunny day today: A tit out in the sun this afternoon...,,https://i.redd.it/13mywjj22qp21.gif,1554154762.0,460,0.99,25,CasualUK,stateit
b88s5m,Pike O'Stickle Lake District Cumbria,,https://i.redd.it/coiy4eeotpp21.jpg,1554151813.0,67,0.98,2,CasualUK,Dreamxtreme
b87sqh,Playing Pokemon Yellow Whilst Watching the Champions League on ITV With Your Mum (2000) [UK Nostalgia Video],,https://www.youtube.com/watch?v=h63sgrECHAM,1554148291.0,69,0.9,15,CasualUK,HarvesterStalloneFNG
b86q2j,"Won ¬£10 off a pair of sunglasses in McDonald's monopoly, I don't need any. Here's the code...only works once so be quick.",,https://i.imgur.com/DeZxLOc.jpg,1554144209.0,91,0.93,25,CasualUK,CornedBeefKey
b854u2,Possibly the best biscuit review ever,,https://youtu.be/drDzZpnC4T0,1554138388.0,61,0.92,5,CasualUK,splurgina
b84pp0,Real life Simpsons character on Tipping Point,,https://i.redd.it/2ijwycd0kop21.png,1554136449.0,518,0.99,10,CasualUK,krampfen
b84kit,Lidl Oaties appreciation thread: Better than McVities digestives and hobnobs,,https://i.redd.it/zcixnm07hop21.jpg,1554135767.0,158,0.91,43,CasualUK,JelloDr
b849bi,Place near me is selling a Pizza Burger.,,https://imgur.com/jh4hHmi,1554134346.0,79,0.9,34,CasualUK,chilejon
b84050,"My daughter doesn't like chicken kebabs, so I made her Yorkshire ones instead, complete with Gravy dip",,http://imgur.com/a/HBkfAx0,1554133175.0,50,0.89,21,CasualUK,greyman1090
b83lbc,Let's not take the piss here,,https://i.redd.it/424an98p4op21.jpg,1554131285.0,214,0.98,56,CasualUK,tortillaprat
b82xn8,"Canadian here, had an interview at Swansea this past week. Definitely never thought Wales was gonna be a beach destination but was pleasantly surprised!",,https://i.redd.it/qv8j7d0cvnp21.jpg,1554128137.0,1067,1.0,113,CasualUK,hibaalb
b82k4h,"Weymouth, Dorset - and the view from my bed for the next few nights. My first solo holiday - revisiting my late mother‚Äôs favourite county, and location of many a childhood summer. I say ‚Äúsolo‚Äù, but she‚Äôs probably here with me - arguing the toss with the Google Maps woman",,https://i.redd.it/pda8lojmpnp21.jpg,1554126222.0,148,0.98,30,CasualUK,mentalenviron
b81znp,Found this shirt in a local charity shop. Couldn't say no,[deleted],https://imgur.com/Ke52Ctk,1554123284.0,86,0.92,13,CasualUK,[deleted]
b81moy,Saw my favourite German comedian in Poundland!,[deleted],https://i.redd.it/8dqubht3bnp21.jpg,1554121330.0,393,0.98,14,CasualUK,[deleted]
b80vj1,Breakdown of Fire Brigade spending including Pontypandy,,https://i.redd.it/crsglj0iump21.gif,1554117057.0,85,0.95,11,CasualUK,C1t1zen_Erased
b80ujp,National Character Area profiles. The best way yet I've seen of dividing England. Really interesting.,,https://www.gov.uk/government/publications/national-character-area-profiles-data-for-local-decision-making/national-character-area-profiles,1554116897.0,92,0.98,12,CasualUK,Ofermann
b80sk1,A very Glaswegian april fools in Kelvingrove,,https://i.redd.it/rz3ay5hxwmp21.jpg,1554116560.0,928,0.99,17,CasualUK,mightbebennadict
b7zuow,A first after three decades of eating weetabix. It landed out of the pack like this.,,https://i.redd.it/3gwx5auydmp21.jpg,1554110196.0,70,0.9,22,CasualUK,Samuurai
b7zqj2,Technically they‚Äôre not wrong but I‚Äôm sure there is a name for these little green guys.,,https://i.redd.it/8a6huwjjbmp21.jpg,1554109374.0,230,0.96,34,CasualUK,[deleted]
b7zpm0,Classy pub,,https://i.redd.it/7cweql92bmp21.jpg,1554109207.0,69,1.0,11,CasualUK,Aseili
b7zl7c,Pulled an April fools joke on a monkey üêí,,https://i.redd.it/phsalcra8mp21.jpg,1554108277.0,43582,0.85,1428,CasualUK,duckface27
b7zkqx,View from the office cheered me up on a monday morning,,https://i.redd.it/ljdbfin08mp21.jpg,1554108183.0,778,0.98,35,CasualUK,cliveQ
b7z8wl,Anti urination devices in Norwich,,https://en.wikipedia.org/wiki/Anti_urination_devices_in_Norwich,1554105684.0,99,0.99,20,CasualUK,Madeline_Basset
b7yxqc,A mini and a medium,,https://imgur.com/LqJB4Zz,1554103458.0,813,0.99,110,CasualUK,fireball_73
b7yiti,"Winter in the Lakes, Nikon D7100 [5791x3108]",,https://i.redd.it/2ilao9ukllp21.jpg,1554100640.0,56,0.95,6,CasualUK,macnerd93
b7yire,"Happy ""Can't Trust the News or Anything Anyone Fucking Says until 12"" Day","Seriously. I either fall for the most obvious April fools jokes, like ""oh? We're turning the Gherkin into a massive rocket? Sounds cool"", or just disbelieve the most mundane shit... ""what's that John? You said your daughter is 5 today? IS SHE THOUGH YOU LYING SHITE""",https://www.reddit.com/r/CasualUK/comments/b7yire/happy_cant_trust_the_news_or_anything_anyone/,1554100628.0,351,0.97,53,CasualUK,shrewphys
b7tgmt,Brum Two Thousand,,https://v.redd.it/93va0nbp2jp21,1554070105.0,107,0.98,10,CasualUK,charm_and_style
b7sguf,Great British Spring Clean - find an event near you,[deleted],https://i.redd.it/cjh0r542nip21.jpg,1554064822.0,301,0.96,30,CasualUK,[deleted]
b7sejl,Does anyone know how to change the time on this oven?,,https://i.redd.it/n7507a03mip21.jpg,1554064490.0,51,0.9,59,CasualUK,phoebiuslenworth
b7rnk0,They've updated Google Maps to include Big Ben's construction,,https://i.imgur.com/ZihV6Ww.jpg,1554060672.0,177,0.96,25,CasualUK,umar167
b7rbg3,How many of you had to have one of these? I never did get the gold one.,,https://i.imgur.com/VVsfsOO.jpg,1554058957.0,87,0.97,24,CasualUK,Growoldalongwithme
b7qmvp,"Just superglued 10p to the pavement outside my house. And now, we wait...",,https://i.imgur.com/xGkyRm0.jpg,1554055406.0,294,0.92,54,CasualUK,loudribs
b7pz93,Amazing lighting at Raglan Castle yesterday!,,https://imgur.com/tu4ZqJP.jpg,1554052088.0,173,0.98,6,CasualUK,ThatsMeTyler
b7pgvk,"I visited Chatsworth today, happy mothers day",,https://i.redd.it/4am17g4zchp21.jpg,1554049319.0,77,0.97,12,CasualUK,polkity
b7oz3r,How am I supposed to collect the full set when they keep changing the branding?!,,https://i.redd.it/2quofsv64hp21.jpg,1554046391.0,281,0.97,35,CasualUK,Larwood
b7od7v,I bet you were James...,,https://i.imgur.com/NNu3H2d.jpg,1554042749.0,61,0.89,6,CasualUK,berober04
b7nc8l,The card I got my mum,,https://i.redd.it/srkbgg3g9gp21.jpg,1554036035.0,975,0.99,52,CasualUK,spoonyone87
b7nan7,Casual Birmingham,,https://i.imgur.com/IpXHuKb.jpg,1554035711.0,533,0.99,21,CasualUK,Ipod_Ninja
b7n6j1,I have lived in lincoln for nearly 14 years now and this view never gets old,,https://i.redd.it/am7ekusx5gp21.jpg,1554034846.0,76,0.87,22,CasualUK,steamrodders
b7n521,"BBC are showing a game of professional pool online, the game they're showing has a live audience of one and he's asleep.",,https://i.redd.it/6zvmbbns4gp21.png,1554034537.0,195,0.99,28,CasualUK,IAmNotStelio
b7msah,Mr Tickle with the Jaws theme tune makes me feel uncomfortable,,https://v.redd.it/v3clzbgjwfp21,1554031788.0,416,1.0,24,CasualUK,Redditallbefore123
b7mjpm,Lovely weather for taking the dog out!,[deleted],https://i.redd.it/tfo0tln1rfp21.jpg,1554029835.0,334,0.98,31,CasualUK,[deleted]
b7mhi5,Anyone else still got one of these kicking around?,,https://i.redd.it/nx1a2tmipfp21.jpg,1554029319.0,216,0.99,28,CasualUK,musicalbenj
b7mfko,It was bloody lovely in York yesterday,,https://i.redd.it/egahrny3ofp21.jpg,1554028848.0,96,0.96,5,CasualUK,jdwilsh
b7m2u6,Happy spring!,[deleted],https://i.redd.it/zcky7yv3ffp21.jpg,1554025821.0,428,0.99,75,CasualUK,[deleted]
b7lrrb,Happy Mother‚Äôs Day!,,https://i.redd.it/2frjftks6fp21.jpg,1554023023.0,11479,0.93,469,CasualUK,[deleted]
b7lrqt,I went camping by myself for the first time in 12 years. Loved it!,,https://imgur.com/vqx7PgF,1554023019.0,101,0.98,17,CasualUK,ahrimaniac
b7lkz4,"Took a walk up Roseberry Topping in the North York Moors yesterday, got sunburnt too.",,https://i.redd.it/xla91oxl1fp21.jpg,1554021284.0,133,1.0,16,CasualUK,picklesthedogv2
b7lhzy,Mrs asked if I can take the kids out so she can have breakfast in peace. Strange request but I guess it is mother's day.,,https://i.redd.it/ahhtrnxazep21.jpg,1554020506.0,79,0.87,14,CasualUK,spudgun81
b7ld4m,"Meanwhile, on a Friday evening in Manchester...",,https://twitter.com/adamkeyworth/status/1111350360399118342?s=19,1554019261.0,80,0.95,12,CasualUK,petepete
b7g73x,I feel like I looked too much like that kid to comment,,https://i.redd.it/59zp4w90qbp21.jpg,1553981057.0,369,0.95,46,CasualUK,removesomekebab
b7g2jn,Just some casual parrot bois casually chilling on the tube,,https://i.redd.it/156eywjqnbp21.jpg,1553980301.0,141,0.96,14,CasualUK,spazoline
b7fpbg,Back of the net,,https://imgur.com/6YBfgia,1553978160.0,57,0.89,6,CasualUK,Wombles
b7fj7q,Can we have a big respect for the men and women of the National Trust busy moving all our stone circles in preparation for Summer Time?,,https://imgur.com/a/rM8C4XI,1553977176.0,152,0.97,11,CasualUK,u38cg2
b7find,The Smokey Mountain. Lake District. Cumbria. Taken Today,,https://i.redd.it/pa68qcq3ebp21.jpg,1553977084.0,73,0.99,1,CasualUK,Dreamxtreme
b7esy5,"Clocks go FORWARD tonight, don't oversleep!",,https://i.redd.it/klbr4zo92bp21.jpg,1553973073.0,98,0.98,38,CasualUK,[deleted]
b7eld2,"I can‚Äôt believe people will just drop these things off at your house and trust you know how to use them. (I haven‚Äôt got a bloody clue, but that‚Äôs by the by.)",,https://i.imgur.com/6HlmN3V.jpg,1553971935.0,7314,0.97,256,CasualUK,The_Incredible_Funk
b7efbp,Just having a fag at the back of the pub and a bloke came up and asked to borrow my lighter...,.. I assumed he wanted to spark up but he had a vape thing in his hand. Turns out he shaved his head this afternoon and missed a bit. He's just gone into the gents to burn the offending stray hairs off. ,https://www.reddit.com/r/CasualUK/comments/b7efbp/just_having_a_fag_at_the_back_of_the_pub_and_a/,1553970998.0,106,0.97,9,CasualUK,What_A_Shocker
b7e6od,"Beautiful walk up at hadrians wall today, the sun beating down, the sheep being sheep, the sound of my friends complaining about the hills",,https://i.redd.it/0exw1rf0sap21.jpg,1553969640.0,171,0.99,17,CasualUK,hary11111
b7e5f4,Happy Saturday CasualUK! This is the view from my favourite country pub tonight. Where is yours?,,https://i.redd.it/b27tg2igrap21.jpg,1553969452.0,54,1.0,22,CasualUK,wittypiano
b7dh5x,"Went to see the Koalas at Longleat, she didn't like me",,https://i.redd.it/rsn1h8dzfap21.jpg,1553965579.0,60,0.98,10,CasualUK,[deleted]
b7dffm,"As a Yank, I always wondered what all the rage was with Jaffa Cakes. Today I found a pack in a local tea shop and I can safely say life will never be the same.",,https://i.imgur.com/BxO998m.jpg,1553965307.0,321,0.95,97,CasualUK,Hooper2993
b7ddst,Lovely day for a walk in the North York Moors,,https://i.redd.it/rddi1hodeap21.jpg,1553965040.0,78,0.95,3,CasualUK,British_Monarchy
b7d5xw,Totally love my home,,https://i.redd.it/vo19oexmaap21.jpg,1553963785.0,149,0.97,10,CasualUK,Sophinabot
b7ctgp,The kids have been at the cricket scoreboard again...,,https://i.redd.it/8e8gywtl4ap21.jpg,1553961754.0,248,0.98,18,CasualUK,lionguardant
b7clbz,Advertising in Birmingham,,https://imgur.com/T3N1ys8,1553960380.0,161,0.98,16,CasualUK,Paul030994
b7cg97,Mastering Britishspeak,,https://i.redd.it/jgystsecw9p21.jpg,1553959478.0,484,0.96,41,CasualUK,The_Heartland
b7bb0t,The photographer Martin Parr is a god-damned national treasure. He always seems to breathe life and humour into everything he does. This is my fave on display in Manchester right now. Every single person that walked past had a little chuckle.,,https://i.redd.it/x00n99cpd9p21.jpg,1553952721.0,213,0.98,37,CasualUK,b45t4rd_b1tch
b7b3ug,Salisbury cathedral,,https://i.redd.it/9nv1xcbx99p21.jpg,1553951437.0,61,0.95,13,CasualUK,Smelliot27
b7atfa,Who needs L.A. when you have the English Riviera,,https://i.redd.it/cd0e4fm549p21.jpg,1553949497.0,63,0.95,4,CasualUK,Relay2134
b7als1,"Now that‚Äôs a name a haven‚Äôt heard for a long, long time. Belfast preserving such a relic as a derive to us all",,https://i.redd.it/5tlulcsuz8p21.jpg,1553948051.0,273,0.99,49,CasualUK,CzechTheScore
b7akd8,"Hello Everybody, nice to see you all again.",^^How ^^was ^^your ^^winter?,https://www.reddit.com/r/CasualUK/comments/b7akd8/hello_everybody_nice_to_see_you_all_again/,1553947776.0,82,0.95,13,CasualUK,Timid_Hedgehog
b7ae6v,"6ft 7"" person in the London Underground (from /r/PerfectFit)",,https://i.redd.it/ttxuj66pxb301.gif,1553946582.0,1829,0.99,53,CasualUK,fireball_73
b7a2rb,"Aw First, you lil flirt",,https://i.redd.it/oman18x6o8p21.jpg,1553944126.0,55,0.98,7,CasualUK,Greatunclebulga
b7a2d3,"Also living abroad, can take or leave my home town.",,https://i.redd.it/ddzaq0jwn8p21.jpg,1553944044.0,124,0.99,29,CasualUK,joeflan91
b7a0v0,Found this is a revision guide,,https://i.redd.it/hvorvqkym8p21.jpg,1553943713.0,56,0.91,16,CasualUK,Fire_Birdie
b79lcl,Took a trip to Greenwich. Feel like something's wrong when this is the view from my Nandos table.,,https://i.redd.it/jw5mip2vc8p21.jpg,1553940316.0,252,1.0,23,CasualUK,urafkntwat
b79e20,"Abbey gate, Bury St Edmunds",,https://i.redd.it/2s4ytt1y78p21.jpg,1553938663.0,76,0.96,8,CasualUK,Diskordia1
b79a1v,"Got this when visiting home in Northern Ireland last week, imaging trying to get a London cabbie to accept this?",,https://i.redd.it/i4elsas458p21.jpg,1553937719.0,439,0.99,88,CasualUK,cbren88
b78vse,McDonalds in Scotland,,https://i.redd.it/l7aieiv535p21.jpg,1553934195.0,778,0.97,64,CasualUK,memx2
b78n3v,I‚Äôd love to know what made trainer Paul Nichols laugh so much when he showed the Queen around his stables this week.,,https://i.redd.it/dptoxeqdo7p21.jpg,1553932083.0,115,0.98,32,CasualUK,gibgod
b78dyy,Such a wonderful walk in Wales,,https://i.redd.it/gfwbyh81i7p21.jpg,1553929948.0,247,0.99,25,CasualUK,Brendrick_Lamar
b73rto,England's oldest man says the secret to a long life is 'avoid dying',,https://www.manchestereveningnews.co.uk/news/uk-news/englands-oldest-man-says-secret-16045185,1553899267.0,285,0.99,21,CasualUK,EricTheBlonde
b73220,Springtime in London is absolutely beautiful!,,https://i.redd.it/iwgfuoo9n4p21.jpg,1553895389.0,155,0.96,16,CasualUK,aclarioncall
b72vvc,"The shambles, york",,https://i.redd.it/git8msmlk4p21.jpg,1553894499.0,816,0.97,76,CasualUK,Smelliot27
b72nqz,Sunset over Chester canal,,https://i.redd.it/wslyw0d2h4p21.jpg,1553893319.0,97,0.99,5,CasualUK,artsyflamingo
b72luu,Beautiful Whitby,,https://i.redd.it/f3dekpbbg4p21.jpg,1553893048.0,2785,0.99,115,CasualUK,sam_lord1
b727g6,Who remembers this absolute legend?,,https://i.redd.it/vnh51rp5a4p21.jpg,1553890978.0,66,0.94,10,CasualUK,Ryvn_Plays
b71sq0,When Jesus wants to scoot the tubes,,https://i.redd.it/f7o92bfz34p21.jpg,1553888902.0,57,0.95,5,CasualUK,mmmmpoc
b709mp,Friendly reminder: Look at your drivers licence photo ID. Has it expired?,"Few of my family and friends been caught out, it is like a ¬£1000 fine. Apparently there are over 2 million people with expired licences in the UK, it is dead easy to renew, don't get caught out!

Enjoy your friday",https://www.reddit.com/r/CasualUK/comments/b709mp/friendly_reminder_look_at_your_drivers_licence/,1553881279.0,62,0.97,37,CasualUK,[deleted]
b6yw0b,Pub staff haven't noticed for two days that the specials board has changed,,https://i.imgur.com/3iXAsbI.jpg,1553874409.0,158,0.93,11,CasualUK,[deleted]
b6yv1h,Over a third of British motorists shout obscenities behind the wheel (the other two thirds are liars),,https://www.eveningexpress.co.uk/motoring/over-a-third-of-british-motorists-shout-obscenities-behind-the-wheel/,1553874272.0,168,0.97,23,CasualUK,Tennents_N_Grouse
b6xim9,This looks painful...,,https://v.redd.it/zqlfeaep21p21,1553867472.0,133,0.99,64,CasualUK,[deleted]
b6xgmz,Growing up in a rural area,,https://i.redd.it/ij1e9s8ab2p21.png,1553867170.0,7169,0.98,296,CasualUK,georgestake
b6x9wa,Nando's marketing are really something,,http://imgur.com/gallery/mSEfIFU,1553866112.0,68,0.88,11,CasualUK,Thesman106
b6wyzb,Beautiful day in London,,https://i.redd.it/s343vev532p21.jpg,1553864423.0,173,0.98,17,CasualUK,millsytime
b6wuqy,Letterbox ‚ÄúFML‚Äù,[deleted],https://i.redd.it/ddqftvz612p21.jpg,1553863757.0,66,0.95,19,CasualUK,[deleted]
b6wp9s,How great would this have been.,,https://i.redd.it/9b2jotlfy1p21.jpg,1553862852.0,222,0.97,20,CasualUK,5years8months3days
b6wodj,"The Rest &amp; Be Thankful, Argyll",,https://v.redd.it/vus66k5mx1p21,1553862724.0,61,0.95,9,CasualUK,f36263
b6wndn,For the quizzers,[deleted],https://i.redd.it/jhd203bix1p21.jpg,1553862511.0,88,0.93,27,CasualUK,[deleted]
b6wlsj,Police on the M40,,https://i.redd.it/jx54gw0mw1p21.jpg,1553862214.0,89,0.96,21,CasualUK,crazycockerels
b6wkfq,"3 day weekend has started. Wake and bake with my Tortoise this morning, absolute gorgeous British weather",,https://i.redd.it/87o2xq9vv1p21.jpg,1553861962.0,110,0.95,29,CasualUK,Grinnz_ETAB
b6w8vk,There was an opportunity so I took it and had instant regret. Marmite peanut butter is not the joy I was expecting,,https://i.redd.it/ue8ct9fkp1p21.jpg,1553859840.0,46,0.87,41,CasualUK,queenieofrandom
b6vav5,"Too hardcore for the shelves but still available oline, just had this weapons grade bad boy delivered:",,https://i.redd.it/89n9ilru51p21.jpg,1553853213.0,91,0.9,26,CasualUK,YourJoyOffendsMe
b6v19z,The BBC weatherman encountered a very horny goat this morning. He was horny in more ways than one.,[deleted],https://i.redd.it/gj4onavmz0p21.jpg,1553851119.0,115,0.98,5,CasualUK,[deleted]
b6uuhl,"Taking a flight? What's your ""kill me now"" moment on a plane?","I just recently came back to the UK from a holiday in the canary islands. I was sat behind a small child who wasn't settling. I think kids are great and I have a high degree of patience with them. The kid kept reaching behind the seat and closing the window blind. I though this was quite funny as the old lady sat next to me was getting rather pissed off but it was easy solved by just opening it again. I like to look at the clouds. The mother of this child took offence to me opening the blind back up and told the kid that he shouldn't worry about the other people on the plane and should do what ever he wanted and then carried on making passive aggressive remarks to another women. You know the type I mean.. I didn't like this so I got her attention to explain I have no issue with her child and if she would like he can use my tablet which has many many games, TV show, films and so on. She scoffed at me .... The old lady next to me took great offence to this and started to pass the child straight up sugar cubes on the descent to Manchester all the while with the evil grin on her face. The next time I saw this child was outside the train station platform screaming and going wild running around and being a arse. The mother looked very stressed out and flustered. 

If that old lady is reading this. I wish to buy you back your sugar cubes.",https://www.reddit.com/r/CasualUK/comments/b6uuhl/taking_a_flight_whats_your_kill_me_now_moment_on/,1553849560.0,6842,0.96,1013,CasualUK,TheLostLad
b6ug6y,Post a your mum a card by 1st class post today for it to arrive before Mother's Day. Postbox collection times in link.,[deleted],https://personal.help.royalmail.com/app/answers/detail/a_id/130/~/what-time-do-we-collect-from-postboxes?,1553845961.0,89,0.94,18,CasualUK,[deleted]
b6ub4t,Father Ted is still the best show around.,,https://youtu.be/6zkL91LzCMc,1553844705.0,1694,0.95,332,CasualUK,AntiSocialMackerel
b6q1x0,This is Absolute madness...,,https://i.redd.it/7nia62x83yo21.jpg,1553816013.0,76,0.91,23,CasualUK,AcknowledgeableGary
b6pf4m,Can we all take a moment to appreciate Still Game. One of the best sitcoms on British TV and it made me proud to be Scottish!,,https://i.redd.it/ojq744rbtxo21.jpg,1553812676.0,232,0.92,46,CasualUK,Docking2Three
b6p0r7,Good boi taking a rest with a view,,https://i.redd.it/92yqix67nxo21.jpg,1553810646.0,127,0.93,8,CasualUK,lsimps
b6ner4,"Got some square crumpets today, especially designed for toasters!",,https://i.redd.it/vsw2588azwo21.jpg,1553802591.0,672,0.97,122,CasualUK,therealhairyyeti
b6n0o1,Oxfordshire at Dusk,,https://i.redd.it/3zpxgkzntwo21.jpg,1553800700.0,451,0.99,18,CasualUK,Akinetope
b6mr11,I just found out you can refer yourself for therapy on the NHS...,"..there's no punchline, I just thought it was worth people knowing.

This is in England, at least. Might be different in Scotland/NI/Wales.

You don't have to be referred by a GP, you can just ring 'em up. You do have to be registered with a GP though.

[Link for more info](https://beta.nhs.uk/find-a-psychological-therapies-service/)

Stay well folks :)",https://www.reddit.com/r/CasualUK/comments/b6mr11/i_just_found_out_you_can_refer_yourself_for/,1553799416.0,3297,0.99,336,CasualUK,YouNeedAnne
b6mpq0,Oh no.,[deleted],https://i.redd.it/15y7au9dpwo21.jpg,1553799239.0,323,0.98,20,CasualUK,[deleted]
b6mm9j,Making the most of the sunshine on his lunch break,,https://i.redd.it/vqcn8f0wnwo21.jpg,1553798748.0,171,0.99,12,CasualUK,keepingitsession
b6l0v7,My 8 year olds first piece of art that is better than 'putting on the fridge',,https://i.redd.it/u7bk0xor0wo21.jpg,1553790968.0,131,0.93,23,CasualUK,AntiSocialMackerel
b6kzn1,There's one at my work...,,https://i.redd.it/9203e7b80wo21.jpg,1553790802.0,85,0.98,43,CasualUK,victorylaps_
b6knap,Anyone else watch Aquila as a kid? Loved that show,,https://i.redd.it/v31ld5jevvo21.jpg,1553789162.0,611,0.98,115,CasualUK,lx_online
b6ke38,Yesterday evening in Saddleworth.,,https://i.redd.it/0vctstvprvo21.jpg,1553787923.0,129,1.0,5,CasualUK,VauxhallBurgundy
b6kag6,I think you lot might like these Jammie Dodger Blondies,,https://i.redd.it/ss3ucetn3vo21.jpg,1553787429.0,119,0.97,17,CasualUK,KrishTheBaker
b6k3om,"Spring has arrived, Stanley Park, Blackpool. Stanley Park was named after Lord Stanley of Preston, the same Lord Stanley who took Ice Hockey over the pond to Canada and is the namesake of 'The Stanley Cup'.",,https://i.redd.it/ut6n1dzjnvo21.jpg,1553786525.0,56,0.96,12,CasualUK,robdelterror
b6jp7h,I rather like this conversion of the phonebox.,,https://i.redd.it/85v1ld8phvo21.jpg,1553784556.0,291,1.0,22,CasualUK,LowBrowsing
b6jmbp,"Concorde at the Brookland Museum, Weybridge.",[deleted],https://imgur.com/fkeGC4j,1553784141.0,96,0.99,23,CasualUK,[deleted]
b6jl6o,"Smoking a fag outside my back door, and I now know, spring is officially here.",,https://i.redd.it/edl2vo3zfvo21.jpg,1553783975.0,73,0.93,16,CasualUK,decisively_unsure
b6j95k,Argus,,https://i.redd.it/b8eowf1ravo21.jpg,1553782216.0,2557,0.97,76,CasualUK,LiveAGoodStory
b6j3yw,"Nigel, our friendly blackbird","There has been one blackbird that has come to our front garden on a daily basis for quite some time, so seeing as it's been a sunny day, and I was feeling in a Bob Ross sort of mood, I decided I'd get some mealworms (that I usually feed to my pet gecko) and give this little fella a feast. Here are some pictures I took of me and my mum's new friend, who we've decided to name Nigel:


 https://imgur.com/gallery/G3TYnxM",https://www.reddit.com/r/CasualUK/comments/b6j3yw/nigel_our_friendly_blackbird/,1553781481.0,64,0.99,21,CasualUK,Mated32
b6i7l0,Police use riot shields and loaf of bread to control 'mental' Greenock swan,,https://www.dailyrecord.co.uk/news/scottish-news/watch-police-use-riot-shields-14193560,1553776328.0,52,0.9,13,CasualUK,CarterWinston
b6h7a6,Spring time in Canterbury!,,https://i.redd.it/rk5usnuz8uo21.jpg,1553769591.0,325,0.99,45,CasualUK,notsowatson
b6gzh8,Young lads getting through one of these every two weeks in the early 2000s,,https://i.redd.it/kwlddfjc4uo21.jpg,1553767957.0,445,0.98,84,CasualUK,BalboBigggins
b6gkd8,Colin's evil doppelganger,[deleted],http://i.imgur.com/FJJ8flV.jpg,1553764575.0,424,0.98,32,CasualUK,[deleted]
b6gjoh,We receive monthly letters for somebody who moved away in 2012/2013. I thought I‚Äôd make my point a bit clearer on this one.,,https://i.redd.it/nvgzxfeutto21.jpg,1553764424.0,582,0.98,129,CasualUK,carl0071
b6gffr,As a dog owner it can be a real slog getting up over winter at 6am to go on a walk. Now spring is here it can be the best part of my day.,,https://i.redd.it/8jeyd7vzqto21.jpg,1553763466.0,10942,0.96,181,CasualUK,JackInRainbows
b6ehin,Two of my flatmates are currently at passive aggressive war. Woke up to this inflammatory message on the group chat,[deleted],https://imgur.com/02jyRIO,1553747947.0,75,0.91,32,CasualUK,[deleted]
b6bsrj,So Manchester kinda makes me think of Gotham right now...,,https://i.redd.it/yixnkre03ro21.jpg,1553731186.0,72,0.9,10,CasualUK,Memphit
b6bo2n,What the f*** have I just ate,,https://i.imgur.com/CL4rjEz.jpg,1553730444.0,118,0.97,14,CasualUK,slabberdasher
b6bhrk,10/10 Translation.,,https://i.redd.it/dbq408xtxqo21.png,1553729477.0,493,0.98,19,CasualUK,Mr_Contraversial
b69n52,A scholarly work and essential reference.,,https://i.redd.it/kb22xkqe6qo21.jpg,1553720222.0,124,0.99,9,CasualUK,gfunk1976
b69kze,I‚Äôm the idiot who didn‚Äôt know carpet melts üòÖ,,https://i.redd.it/95r3q3xg5qo21.jpg,1553719920.0,3111,0.96,251,CasualUK,Seeta_vegan
b68e22,Working away from home in the Lake District has its perks.,,https://i.redd.it/iqwbu5hbopo21.jpg,1553714149.0,229,1.0,20,CasualUK,Sinkeye
b685co,Sat in a Spoons and the fire alarm went off. Chorus of 'WHAYYYYYY' all round. Nobody moved,,https://www.reddit.com/r/CasualUK/comments/b685co/sat_in_a_spoons_and_the_fire_alarm_went_off/,1553712983.0,491,0.98,41,CasualUK,Cheesus333
b678kz,No tuna milkshakes in Falmouth :(,,https://i.imgur.com/NycAbpm.jpg,1553708601.0,126,0.98,42,CasualUK,PRAlSETHESUN
b67028,Tensions are rising in our house over Forkgate.,,https://i.redd.it/pes18g3a4po21.jpg,1553707473.0,9477,0.96,419,CasualUK,PhysicsHelp
b64pu8,"Is it actually possible to win anything on McDonalds Monopoly? Or is the only prize the bitter realisation that you‚Äôve spent a load more on McDonald‚Äôs than you normally would, and gained weight in the process?",,https://www.reddit.com/r/CasualUK/comments/b64pu8/is_it_actually_possible_to_win_anything_on/,1553694585.0,88,0.94,99,CasualUK,[deleted]
b64muy,Gervais' new Netflix series is a rollercoaster,"I like him usually, but this new series is a ride. I'm laughing one second then almost in tears the next.
",https://www.reddit.com/r/CasualUK/comments/b64muy/gervais_new_netflix_series_is_a_rollercoaster/,1553694131.0,50,0.83,40,CasualUK,NinjaGrimlock
b641dv,Advert spotted in a Costa coffee shop,,https://i.imgur.com/bLDCpoz.jpg,1553690704.0,239,0.99,94,CasualUK,[deleted]
b6388s,Currently a Naked Woman on my Mates Street. Standard Wednesday Morning!,,https://i.redd.it/zy6fpfu9bno21.jpg,1553685540.0,166,0.9,82,CasualUK,Mildcorma
b635wi,These Famous Five stories are really getting pretty dark,,https://www.theguardian.com/uk-news/2019/mar/26/five-jailed-over-bid-to-smuggle-112m-of-cocaine-into-uk,1553685108.0,140,0.97,14,CasualUK,discerning_kerning
b633n4,"Spent the last 2 days in a cottage near Corwen, Wales. Check out this view from the hot tub.",,https://i.redd.it/fcpisyxj8no21.jpg,1553684668.0,290,0.99,26,CasualUK,youknowshelovesthatd
b62yer,/r/CasualUK does charity round 5 - THE VOTE!,"We've had some more excellent suggestions for the new CasualUK charity for the next three months, and it's time to boil it down the TOP TEN candidates to find our winner!

&amp;nbsp;


* [Survivors UK](https://www.survivorsuk.org/) - here to help sexually abused men as well as their friends and family, no matter when the abuse happened
* [Samaritans](https://www.samaritans.org/) - We're working together to make sure fewer people die by suicide.
* [Anthony Nolan](https://www.anthonynolan.org/) - If you‚Äôve been affected by blood cancer or blood disorders, we can help
* [Centre Point](https://centrepoint.org.uk/) -  We provide the support needed to give homeless young people a future
* [MIND](https://www.mind.org.uk) -  We won't give up until everyone experiencing a mental health problem gets both support and respect.
* [Mankind Initiative](https://www.mankind.org.uk/) - Our confidential helpline is available for all men across the UK suffering from domestic violence or domestic abuse by their current or former wife or partner (including same-sex partner).
* [Family Fund](https://www.familyfund.org.uk/) - Family Fund is the UK‚Äôs largest charity providing grants for families raising disabled or seriously ill children and young people. 
* [Tommy's](https://www.tommys.org/) - We believe that parents need, and deserve, answers when their babies die. Tommy's exists to answer these questions.
* [Northern Lights Childrens Charity](https://www.northernlightscharity.org.uk/) - Fund trips to Lapland for ill children in the North West
* [Buddy Bag Foundation](https://buddybagfoundation.co.uk/) - Providing backpacks that contains all the essential items a child needs. They include toiletries, pyjamas, socks and underwear distributed to children in need having had to leave their homes due to being taken into care or fleeing violence. 

&amp;nbsp;

&amp;nbsp;


**Voting will remain open until Lunchime on Monday 1st April at which point we will post the just giving link for the winning charity**

&amp;nbsp;

&amp;nbsp;


**A reminder of the idea and the rules**

&amp;nbsp;

* We are going to donate money to a chosen charity every quarter. 1st April, 1st July, 1st October, 1st January.
* The charity will be chosen each quarter by yourselves. If charity A is chosen for April, charity A may not be eligible until the following year, to ensure that a different charity receives donations each quarter.

* It must be a registered charity, it must have an online donation page (preferably on JustGiving) and it must be UK based.

* The top ten nominations (decided by upvotes) will then go into a strawpoll where we determine the overall winner. Once we have a winner for that quarter, we will create a JustGiving page and have a final thread for donations.

* If you wish to donate to that particular charity, please give whatever you feel comfortable with but as a guideline, we think it would be fantastic if we could donate the cost of a pint in our local.

&amp;nbsp;

[**Link To the VOTE on Strawpoll**](https://www.strawpoll.me/17687699)",https://www.reddit.com/r/CasualUK/comments/b62yer/rcasualuk_does_charity_round_5_the_vote/,1553683715.0,58,0.98,24,CasualUK,GFoxtrot
b62xlr,"Spotted in Hinckley, how do you f up this badly? (Pinched off Facebook)",,https://i.redd.it/bh4130rc5no21.jpg,1553683546.0,383,0.99,38,CasualUK,Kemphy
b62r2z,Christmas came early this year,[deleted],https://i.imgur.com/Yj2qDqB.jpg,1553682184.0,61,0.94,18,CasualUK,[deleted]
b62lry,"F'Gawds Sake, Marlene!",,https://i.imgur.com/SKSRx73.jpg,1553681073.0,919,0.99,63,CasualUK,spicerldn
b62ep3,Multiple sheep attracted to a post,[deleted],https://i.redd.it/pwpn6c7htmo21.jpg,1553679553.0,72,0.91,29,CasualUK,[deleted]
b62bss,Being interviewed on BBC news. Perfect backdrop including multipack of Monster Munch,,https://i.redd.it/vklgd55krmo21.jpg,1553678911.0,2907,0.99,218,CasualUK,Fandangojango
b61xa8,"Drivers will be given up to ¬£3,000 a year to swap their cars for public transport. A trial in the West Midlands will ask participants to ditch their vehicles and instead rely on buses, trains, electric car hire and bike sharing schemes.",,https://news.yahoo.com/cash-drive-motorists-given-3000-year-swap-cars-public-transport-100354505.html,1553675650.0,52,0.94,68,CasualUK,millsytime
b610sb,"Briton arrested after fleeing Australia on a jetski, armed with crossbow",,https://www.theguardian.com/australia-news/2019/mar/27/briton-arrested-after-fleeing-australia-on-a-jetski-armed-with-crossbow,1553668408.0,73,0.95,16,CasualUK,ScreamOfVengeance
b5x7dp,Glasgow Cathedral is stunning.,,https://i.redd.it/6wof9g7hwjo21.jpg,1553644247.0,146,0.98,7,CasualUK,Goodbeer2430
b5x45b,Went to Mullion Cove off the coast of Cornwall today. Absolutely stunning.,,https://i.redd.it/wwg6se7uujo21.jpg,1553643736.0,57,0.96,8,CasualUK,narnababy
b5wyyi,The view over Loch Carron upto the snowy peaks - Scottish Highlands #NC500,,https://i.redd.it/zge8a2vlsjo21.jpg,1553642945.0,68,0.95,1,CasualUK,halflemonhero
b5wd08,It was a slow news day in Gloucester,,https://imgur.com/Gofg0jz,1553639705.0,123,0.99,14,CasualUK,ShunningResumed
b5w9et,A friend put a hot frying pan on the carpet not knowing the carpet would melt üòÖ,,https://i.redd.it/x06xbs8hhjo21.jpg,1553639196.0,11364,0.98,461,CasualUK,savoir166
b5vuz7,I climbed a bloody mountain! Snowdon on Saturday.,,https://i.redd.it/f5fbmeujbjo21.jpg,1553637205.0,177,0.89,35,CasualUK,lucadudav
b5vthc,Oh the memories,,https://i.redd.it/cpt6oshyajo21.jpg,1553637003.0,54,0.98,27,CasualUK,jimboconker77
b5txf3,Scarborough Beach with bonus pup,,https://i.imgur.com/jptngwz.jpg,1553627853.0,189,0.97,17,CasualUK,twoshillings
b5tx2m,It's called a river,,https://imgur.com/knGCyTb,1553627809.0,471,0.99,37,CasualUK,OnePlayerReady
b5tmen,It‚Äôs been sunny for two days and this is already the view from my window. It‚Äôs 6:45pm and 11 degrees out.,,https://i.redd.it/sehqm1tdfio21.jpg,1553626389.0,98,0.96,24,CasualUK,smokeyjoe105
b5t35t,"Spring! Looe, Cornwall.",,https://v.redd.it/rzq1njnp7io21,1553623855.0,77,0.98,12,CasualUK,catempress
b5t2k4,PSA: ISS passing our way this evening,,https://i.redd.it/hpkg0cek7io21.jpg,1553623759.0,55,0.91,40,CasualUK,[deleted]
b5t2jl,I guess it doesn't...,,https://i.redd.it/uetfby7h7io21.jpg,1553623757.0,183,0.99,10,CasualUK,Ragdemot
b5su3t,"York UK, been a few years since a visit. Such a beautiful city.",,https://i.redd.it/lvsajrh64io21.jpg,1553622657.0,1001,0.98,90,CasualUK,Maaatandblah
b5srm0,Bit of afternoon filth on The Chase,,https://i.redd.it/tzpemloa3io21.jpg,1553622321.0,275,0.98,31,CasualUK,rikki1q
b5slqq,Houses - What does ¬£1m get you where you live?,"Thought this might be a fun/not so fun game, if mods allow it

What kind of property does ¬£1,000,000 get you where you live?

As OP I suppose I will have to start, I am from Wolverhampton and ¬£1m here will get you something like this [Georgian 8 bedroom detached farm house + acre of garden and driveway](https://www.rightmove.co.uk/property-for-sale/property-73132025.html) on the outskirts of the city. Nice. But is it worth living in Wolverhampton? Maybe if you proper love Greggs n Poundlands

You?",https://www.reddit.com/r/CasualUK/comments/b5slqq/houses_what_does_1m_get_you_where_you_live/,1553621491.0,92,0.98,182,CasualUK,[deleted]
b5sfjx,Ice cream at Buckingham Palace,,https://i.redd.it/smkon52ayho21.jpg,1553620634.0,460,0.97,57,CasualUK,cg010169
b5s5m4,How to gain access to this Birmingham car park,,https://i.redd.it/71fr9spbuho21.jpg,1553619303.0,102,0.99,2,CasualUK,Jackster21
b5rmti,"Restocking of trees felled in 2018 in Argyll, Scotland. Scotland is a cracking place!",,https://i.redd.it/qyprbahsmho21.jpg,1553616770.0,71,0.95,7,CasualUK,sampola
b5rddt,Photo of Bamburgh Castle following a post from earlier today I thought maybe it needed showing in a better light so here‚Äôs one from Friday night,,https://i.redd.it/770tyta2jho21.jpg,1553615518.0,72,0.97,5,CasualUK,SH3RB5
b5qnrg,Postcard of my stunning hometown,[deleted],https://i.redd.it/xc4fvaxq8ho21.jpg,1553612048.0,53,0.94,3,CasualUK,[deleted]
b5qjjl,York is looking good today,,https://i.redd.it/4r6skejv6ho21.jpg,1553611420.0,237,0.98,17,CasualUK,safcbullyjr
b5qjhr,A particularly gormless bee heralding spring,,https://i.redd.it/if5kr1yu6ho21.jpg,1553611412.0,63,0.96,8,CasualUK,itchyfrog
b5qj8c,"From the top of Thorpe Cloud, Peak District. Not pictured: group of lads with cans of Stella.",,https://i.redd.it/k1zirk195ho21.jpg,1553611376.0,82,0.94,4,CasualUK,ProcrastiFantastic
b5q7yg,The sun is shining in windermere,,https://i.redd.it/k3i147zp1ho21.jpg,1553609684.0,50,0.92,4,CasualUK,Foster5571
b5pnmn,"I present to you the highest pint of beer in England, atop Scafell Pyke yesterday",,https://i.redd.it/xy0uvwfisgo21.jpg,1553606603.0,5818,0.97,272,CasualUK,makomirocket
b5p1mf,Frodsham hill,,https://i.redd.it/2afxqyzwhgo21.jpg,1553603030.0,52,0.93,2,CasualUK,shaunsmales
b5osaz,Devon looks so nice in the sunshine ‚òÄÔ∏è I,[deleted],https://i.redd.it/2mwrvfm5dgo21.jpg,1553601427.0,72,0.97,6,CasualUK,[deleted]
b5or7g,Bus stop vandalism is out of control in Birmingham...,,https://i.redd.it/vlvrieejcgo21.jpg,1553601222.0,428,0.99,14,CasualUK,nichollsamj
b5o5xm,Glorious day today down south - hope it's the same where you guys all are!,[deleted],https://i.redd.it/u4tlmkgr0go21.jpg,1553597280.0,102,0.96,14,CasualUK,[deleted]
b5n3ak,Springtime ..... Reading UK,,https://i.redd.it/0nywsiucafo21.jpg,1553588384.0,5214,0.95,526,CasualUK,AnimoEsto
b5n0ju,Old school graffiti: didn't this character advertise 7 up in the 80s/90s?,,https://i.redd.it/xckhf98h8fo21.jpg,1553587742.0,86,0.95,26,CasualUK,AF_II
b5mfjq,Crisps named best street food,,https://www.thedailymash.co.uk/news/food/crisps-named-best-street-food-20190325175662,1553582878.0,68,0.92,23,CasualUK,Currency_Cat
b5i1s2,"I‚Äôll buy them separately and collect together, thanks.",,https://i.redd.it/3ro4ujjylco21.jpg,1553555954.0,70,0.97,20,CasualUK,baaaaaaaaaaaaaaaaaab
b5g7jz,"What was the weirdest encounter you had with a wild animal, bird or insect in the UK?","Whether it was a huge moth that sprung out of your wardrobe, or a wild pig that somehow got into your car.

This afternoon, and I know nobody will believe this, I was clearing more shed cowebs and a huge black spider appeared and made an angry zzzzzzzzzzzz noise.It was definately the spider that made the noise.",https://www.reddit.com/r/CasualUK/comments/b5g7jz/what_was_the_weirdest_encounter_you_had_with_a/,1553547045.0,90,0.99,188,CasualUK,BECKYISHERE
b5fvrw,My passive aggressive parking notice,,https://imgur.com/a/JpDsKvD,1553545472.0,223,0.83,74,CasualUK,MrPoletski
b5dyqj,Was excited to see the new pub toilet 'refurbishment',,https://i.redd.it/yl3w5r820bo21.jpg,1553536491.0,52,0.92,9,CasualUK,MCwaneo
b5dmje,I was a bit concerned that sending the kids to a Catholic school might involve them picking up some religious nonsense. This takes the biscuit,,https://i.imgur.com/7I6xTgl.jpg,1553534947.0,264,0.96,63,CasualUK,tjuk
b5di7u,Happy trainspotters in a row today at Corfe Castle enjoying the sunshine and trains,,https://i.redd.it/123mvlnmtao21.jpg,1553534417.0,135,0.99,8,CasualUK,bri999
b5cdli,"Landed in Dusseldorf this morning, can't believe the views here!",,https://i.redd.it/kgwgyp7keao21.jpg,1553529276.0,6914,0.98,194,CasualUK,Strombiks
b5ampf,Zooming in on Buckingham Palace on Google Maps turns the street view man into the Queen!,,https://i.redd.it/tooind0en9o21.png,1553520114.0,81,0.95,8,CasualUK,Primique
b5am7g,"A British Airways flight destined for Dusseldorf in Germany has landed in Edinburgh by mistake, after the flight paperwork was submitted incorrectly.",,https://www.bbc.co.uk/news/business-47691478,1553520037.0,198,1.0,41,CasualUK,wrdb2007
b5ag79,"They‚Äôre turning the Northern Quarter, Manchester into New York City for the new Spider-Man movie.",,https://i.redd.it/or8sjt9ek9o21.jpg,1553519111.0,338,0.96,69,CasualUK,natalieninetales
b5acbv,STOP EVERYTHING.,,https://i.redd.it/8wwi9j5ni9o21.jpg,1553518518.0,226,0.98,28,CasualUK,TheGardenBlinked
b58uz8,Spring is here,,https://i.redd.it/de1uyij1r8o21.jpg,1553509238.0,8746,0.97,141,CasualUK,Crumbford
b56wsb,Derwent water in the lake district,,https://i.redd.it/pylvjh6eg7o21.jpg,1553493552.0,181,0.98,13,CasualUK,woodyman02
b55tai,Nobody worships their beans like we do,,https://i.redd.it/e1rx3p41p4o21.jpg,1553485938.0,127,0.96,18,CasualUK,tangysmelliot
b55o19,"Had the bloody time of my life seeing Childish Gambino tonight! I shot some photos on a camera I got last Christmas, and he talked about spending time in London last year where he also donated to the victims of the Grenfell Tower disaster. What an amazing man.",,https://i.redd.it/ylnz0lquq6o21.jpg,1553484991.0,131,0.89,19,CasualUK,SamuelWren
b51ip2,Doing my first party buffet spread. What are the essentials for you lot?,,https://i.redd.it/vcsdoa8us4o21.jpg,1553461413.0,94,0.98,76,CasualUK,i-came-to-complain-
b513b2,Those special moments in Leytonstone when you find a silver spray painted dog turd,,https://i.redd.it/d9f9zujcm4o21.jpg,1553459233.0,66,0.97,12,CasualUK,oscarsaurusrex
b50amq,"It‚Äôs my Grandparents Diamond Anniversary, so we applied online and they got one of these in the post from Queeny!",,https://i.redd.it/3atrlwwza4o21.jpg,1553455424.0,8948,0.95,312,CasualUK,-Bungle-
b4zwnx,Childish Gambino tonight! Hope everyone who‚Äôs here has fun!,,https://i.redd.it/1quzec1954o21.jpg,1553453481.0,81,0.85,24,CasualUK,pyromaniacs-png
b4zqsv,Sussex life. Wtf,,https://imgur.com/iA624cy,1553452638.0,204,0.97,21,CasualUK,Snaga121
b4zmfi,This poor bloke in mcdonalds,,https://imgur.com/DWkueXX,1553452030.0,368,0.96,34,CasualUK,invader_action
b4zb93,South Stack lighthouse view for you mates. Absolutely stunning weather in Wales today.,,https://i.redd.it/opk630raw3o21.jpg,1553450471.0,94,1.0,5,CasualUK,Randy_McKay
b4z4um,Richard Madeley IS Alan Partridge,,https://youtu.be/wcreshuhfR4,1553449579.0,159,0.99,34,CasualUK,baodur086
b4z389,Nothing to see here citizen,,https://imgur.com/FrSdVVL.jpg,1553449359.0,263,0.98,29,CasualUK,ukbabz
b4z23k,Our phone box is now a toy and book library,,https://imgur.com/ZxewDFX,1553449205.0,56,0.95,6,CasualUK,ForestCrunch
b4yqej,A view from the Roman walls of Chester,,https://i.redd.it/eia1n9kgn3o21.jpg,1553447544.0,3074,0.99,191,CasualUK,IrelandsEye
b4y0z5,How many of us are over thirty-five here?,[deleted],https://www.reddit.com/r/CasualUK/comments/b4y0z5/how_many_of_us_are_over_thirtyfive_here/,1553443843.0,55,0.88,102,CasualUK,[deleted]
b4xro7,I Went Looking For This Lighthouse Yesterday. Made My Own Picture. T≈µr Mawr Lighthouse. Anglesey,,https://i.redd.it/klhm7tde83o21.jpg,1553442477.0,123,0.99,9,CasualUK,Dreamxtreme
b4xna6,"dangerously high-speed police chase, beep beep",,https://v.redd.it/euuzgc0j63o21,1553441855.0,186,0.99,18,CasualUK,bexwhitt
b4wc9b,Always adds to the natural beauty,,http://i.imgur.com/09Zjk7L.jpg,1553434145.0,776,0.99,47,CasualUK,Boxey7
b4vs5e,BBC News archive footage from 1976 about when Oldham started selling itself as a holiday destination,[deleted],https://v.redd.it/51coqqr752o21,1553430177.0,155,1.0,21,CasualUK,[deleted]
b4vgjk,West Brompton Cemetery life,,https://i.imgur.com/vAbk3xl.jpg,1553427640.0,118,0.98,17,CasualUK,eerst
b4vdjj,It's the little things in life,,https://i.redd.it/7zbmv4jby1o21.jpg,1553426984.0,102,0.96,1,CasualUK,lizhurleysbeefjerky
b4v3bw,What sort of construction hell is this,[deleted],https://i.redd.it/wpt4sadkr1o21.jpg,1553424683.0,76,0.95,9,CasualUK,[deleted]
b4ux3i,UK Wrestling at its finest,,https://v.redd.it/s0r0gj0tm1o21,1553423252.0,98,0.96,22,CasualUK,nowheretoputpenis
b4uv03,Channeling my inner Tony Robinson at Avebury yesterday,,https://i.redd.it/9ul8zwcql1o21.jpg,1553422747.0,58,0.95,16,CasualUK,_MicroWave_
b4tsm4,"This dude, keeping us safe!",,https://v.redd.it/cc2jnpinnxn21,1553413125.0,549,0.95,35,CasualUK,YandereAF
b4tguc,Night shifts have their perks. 6:23 am.,,https://i.redd.it/zgw82clck0o21.jpg,1553410132.0,9696,0.95,141,CasualUK,Nerdy_Gem
b4t30q,Morning View from Windsor,,https://i.redd.it/k8u2ufzka0o21.jpg,1553406849.0,61,0.94,3,CasualUK,contspel
b4os3a,Well that advert worked,,https://i.redd.it/dv7rdusuwxn21.jpg,1553378321.0,110,0.97,8,CasualUK,MattyFTM
b4onvm,Welcome to the UK,[deleted],https://i.redd.it/02d36ifpvxn21.jpg,1553377630.0,582,0.94,57,CasualUK,[deleted]
b4offu,Takeshi's Castle: is there anything better to watch for pre-drinking?,Nothing is better than shouting tips and tactics at Japanese people taking part in games in which strategy means nothing.,https://www.reddit.com/r/CasualUK/comments/b4offu/takeshis_castle_is_there_anything_better_to_watch/,1553376252.0,98,0.97,19,CasualUK,HellsWaylon
b4odgg,Trip to White Cliffs of Dover. Beautiful view.,,https://i.redd.it/iw9nliblqxn21.jpg,1553375916.0,81,0.97,10,CasualUK,wdiva12121999
b4o0x5,Popped into the local for a pint and they've got Babestation on the telly,,https://i.imgur.com/TLwTt3u.jpg,1553373927.0,298,0.97,41,CasualUK,CharredChicken
b4mwko,I made ‚ÄúETHAN‚Äù from Quintessential British 10p coins,,https://i.redd.it/vb6y0yj73xn21.jpg,1553368046.0,82,0.95,11,CasualUK,coolgirlonthetrain
b4mw0f,r/casualuk donates to charity round 5 - the nomination thread,"Hello and welcome to Spring. .

As you are most likely aware, in April 2018 we set up the /r/CasualUK charity threads to run every quarter. In 2018 we raised over ¬£3,000 for Shelter, MIND and saving the hedgehogs and we kicked off 2019 with the trussell trust.  

Right, the rules:

- The charity will be chosen each quarter by yourselves. If charity A is chosen for April, charity A may not be eligible until the following year, to ensure that a different charity receives donations each quarter.

- Please use this thread to nominate your chosen charities. **Please include a few lines to explain why this charity is important to you. Please also provide a link to the charity.**

- It must be a **registered charity** and It must be **UK based**.

- The top ten nominations (decided by upvotes) will then go into a strawpoll where we determine the overall winner. Once we have a winner for that quarter, we will create a JustGiving page and have a final thread for donations.

- If you wish to donate to that particular charity, please give whatever you feel comfortable with but as a guideline, we think it would be fantastic if we could donate the cost of a pint in our local.

- **Please no debating the rights / wrongs of a particular charity**.

So please get nominating/upvoting your favourite charities in the comments. The top 10 will progress to the next voting stage.",https://www.reddit.com/r/CasualUK/comments/b4mw0f/rcasualuk_donates_to_charity_round_5_the/,1553367967.0,70,0.94,53,CasualUK,GFoxtrot
b4mmyp,Halloumi: A Bacon Substitute (with a side of HP).,,https://i.redd.it/xagmls53zwn21.jpg,1553366661.0,68,0.78,35,CasualUK,[deleted]
b4lxbk,Improvise. Adapt. Overcome.,,https://i.redd.it/tnkno9wr3qn21.jpg,1553362987.0,407,0.99,22,CasualUK,[deleted]
b4l5h7,So my mate found 5 crates of booze that's 1 month out of date for free.,,https://imgur.com/5ZsHXyk,1553358947.0,455,0.98,96,CasualUK,Spikester
b4ko7t,Teasing cocky seagulls 101,,https://v.redd.it/797rpmup4wn21,1553356498.0,142,0.96,17,CasualUK,PaleBean
b4kjdo,I got a deformed Crunchie today,,https://i.redd.it/hn0c9x0m2wn21.jpg,1553355778.0,263,0.97,23,CasualUK,SeldomSober
b4jwb7,Opened my oven and this giant house spider ran out onto me. Bricks were shat.,,https://i.imgur.com/SW8ckSo.jpg,1553352207.0,112,0.94,52,CasualUK,[deleted]
b4j30a,Spent yesterday making this. Awesome day.,,https://i.redd.it/4ioypva4dvn21.jpg,1553347169.0,94,0.97,50,CasualUK,dreadpiratevause
b4idge,How to fix a sign,,https://i.redd.it/xfsfj2tlyun21.jpg,1553342284.0,388,0.99,13,CasualUK,J_4_Joseph
b4iak1,An interesting summation of the UK,,https://i.redd.it/ry2cvktlwun21.png,1553341610.0,1634,0.98,22,CasualUK,MarcusBallintoy
b4i7xv,Quavers appreciation thread,"I‚Äôve always enjoyed quavers since I was a child but it‚Äôs took me until adult hood to realise just how excellent they are as a snack. Potato-ey, cheesey, melty and crunchy. They‚Äôre a flavour sensation, it‚Äôs like there‚Äôs a party in my mouth and everyone‚Äôs invited. I just want to spend some time appreciating Quavers. ",https://www.reddit.com/r/CasualUK/comments/b4i7xv/quavers_appreciation_thread/,1553341031.0,175,0.91,54,CasualUK,SpecialUnitt
b4i69f,Anyone else remember how funny I.T lessons were in school?,The teachers were completely useless and everyone either played flash games on Friv or just wound up the teachers by playing dog noises on YouTube haha ,https://www.reddit.com/r/CasualUK/comments/b4i69f/anyone_else_remember_how_funny_it_lessons_were_in/,1553340677.0,123,0.94,124,CasualUK,james_-young
b4i31u,So there's an Alpaca show in Telford today.,,https://i.imgur.com/hwQ9Mo5.jpg,1553339995.0,208,0.98,26,CasualUK,heldain
b4hvay,Took Buckfast to a Wine &amp; Cheese Party,"Genuinely horrified the guests in a sarcastic but grateful way they put it somewhere safe.

I'm a working class lad at my first ever upper Middle Class soiree. It was that Jacobs Creek or Babycham are the only wines I'd of considered before last night 
",https://www.reddit.com/r/CasualUK/comments/b4hvay/took_buckfast_to_a_wine_cheese_party/,1553338324.0,71,0.9,32,CasualUK,AntiSocialMackerel
b4hm1y,"This is indeed awful and unfortunate, but teaches a valuable lesson. You can have too much of a good thing.",[deleted],https://i.redd.it/pllsswakgun21.jpg,1553336222.0,225,0.96,48,CasualUK,[deleted]
b4heye,"Well, which?",,https://i.imgur.com/iOLMtbe.jpg,1553334661.0,9831,0.96,114,CasualUK,InappropriateSurname
b4df15,There are 2 kinds of wine reviewers,,https://i.imgur.com/XFOLw3j.png,1553305391.0,3457,0.99,73,CasualUK,BushyEyes
b4c7n2,Two Holly trees grown to love each other: Snowdonia National Park (4128 x 2322),,https://i.redd.it/sa4ukkm6brn21.jpg,1553298091.0,68,0.96,5,CasualUK,DominoLeBroque
b4bfog,Reading pubs don‚Äôt disappoint,,https://i.imgur.com/hfIAcqy.jpg,1553293813.0,61,0.95,12,CasualUK,Carty75
b4bbkj,My mate‚Äôs brother got this message from his Mum - RIP YP,,https://i.redd.it/94gi7xwmwqn21.jpg,1553293194.0,1389,0.98,51,CasualUK,friendtotheanimals
b49zzk,Highlight of my day. Tesco delivered my retro design Daz washing powder.,,https://i.redd.it/kim33jodcqn21.jpg,1553286384.0,157,0.97,23,CasualUK,Grownuppieceofjizz
b49wt3,You don‚Äôt say...,,https://i.redd.it/jovx0hh1bqn21.jpg,1553285936.0,138,0.92,8,CasualUK,vr0n
b49d0n,The nice part of Carlisle.,,https://i.redd.it/p6z30fpw2qn21.jpg,1553283198.0,79,0.96,12,CasualUK,dontfearlionhere
b491md,Lidl really knows how to sell hand warmers,,https://i.redd.it/yluzbsm5ypn21.jpg,1553281603.0,78,0.96,0,CasualUK,roartey
b48qac,It's all kicking off in Ealing,,https://i.redd.it/9lkqbtxitpn21.jpg,1553280069.0,288,0.97,68,CasualUK,mrparsnip
b48mlj,A post I made got picked up by New Scientist woop!,[removed],https://www.reddit.com/r/CasualUK/comments/b48mlj/a_post_i_made_got_picked_up_by_new_scientist_woop/,1553279556.0,138,0.94,32,CasualUK,ThrowAway823434-234
b48ea7,It's the bloody weekend!!,"Just having a quiet solo drink in a pub barely a street across from my place of work (I only live 20 minutes away anyway) hope you guys have a fantastic weekend, so much of the stuff I see here brings me joy so thanks.

You're all a great bunch of lads.",https://www.reddit.com/r/CasualUK/comments/b48ea7/its_the_bloody_weekend/,1553278416.0,220,0.96,86,CasualUK,SamMcK94
b486dg,Good guy delivery guy - Islington edition,,https://i.redd.it/37iss7bhlpn21.jpg,1553277342.0,710,0.99,20,CasualUK,yoits3030
b4845x,"After seeing the sausage god paying a visit to casualuk today, I was visited by the god of fish fingers",,https://i.imgur.com/pycwiyJ.jpg,1553277034.0,211,0.99,10,CasualUK,manguish
b47uam,Redesigned Carling glasses have ridges to stop them slipping when carrying multiple at a time. What an age we live in.,,https://i.redd.it/nw7fc6qpgpn21.jpg,1553275732.0,603,0.98,114,CasualUK,mykie206
b47u0j,An art career in a nutshell.,,https://i.redd.it/3mff5rbjgpn21.jpg,1553275692.0,229,0.99,9,CasualUK,milatrying
b47mdn,Just what you need when you've come off the road...,[deleted],https://v.redd.it/llkmthc4dpn21,1553274631.0,673,0.86,88,CasualUK,[deleted]
b46u68,This legend still motivating the UK aged 66,,https://v.redd.it/sd3grnt51pn21,1553270671.0,352,0.96,24,CasualUK,elmofirehat
b46t4x,In The Sun today,,https://i.redd.it/xia3rwx51pn21.jpg,1553270506.0,223,0.87,116,CasualUK,robotsandtoast
b46igv,Has anyone ever found a pencil that needed the one on the right? We always had these at school and were told the we'd learn what it was for when we got older. I'm in my 40s and still haven't found a use for them,,https://media.jacksonsart.com/catalog/product/cache/1/image/750x750/17f82f742ffe127f42dca9de82fb58b1/A/5/A5014.JPG,1553269027.0,460,0.98,117,CasualUK,highrouleur
b45ddm,That must have been one spectacular heron to have a train station named after it,,https://i.redd.it/cd1giwxveon21.jpg,1553263017.0,123,0.97,17,CasualUK,snoozeswithsloths
b4509w,I'm Aston Martin and I'm running the London Marathon 2019 dressed as an Aston Martin AMA,"So a post of me on Look East popped up on here the other day and though I'd seize the chance to answer any questions people might have about me or what I'm doing. I've been on Look East along with numerous papers and radio stations around Norwich. 

Basically I'm going to be running the London Marathon 2019 dressed as an Aston Martin DB5 trying to break the World Record for the fastest marathon dressed as a car. I'm doing it not only as a challenge, but to help with my fundraising for the charity Guide Dogs. If interested you can donate on my Justgiving, anything is appreciated. Otherwise fire away. 

https://www.justgiving.com/fundraising/astonmartinwr

https://imgur.com/a/ebCHAsO
",https://www.reddit.com/r/CasualUK/comments/b4509w/im_aston_martin_and_im_running_the_london/,1553260896.0,222,0.95,84,CasualUK,TheAstonMartinRunner
b43kgr,'Keep Britain Tidy' 22nd March to 23rd April. Lot's of Litter Picking events happening across Britian.,,https://www.keepbritaintidy.org/find-a-clean-up?field_event_name_value=&amp;field_event_date_value%5Bmin%5D%5Bdate%5D=03%2F22%2F2019&amp;field_event_date_value%5Bmax%5D%5Bdate%5D=04%2F24%2F2019&amp;field_event_category_tid=All,1553251450.0,102,1.0,4,CasualUK,[deleted]
b43g4s,My concept for a new look in the Queen's guard.,,https://i.redd.it/o6ssdxhndnn21.jpg,1553250512.0,768,0.98,22,CasualUK,samjambam
b434sg,"Toaster was broken this morning, I call this V for Victory Toast",,https://i.redd.it/21d3vrxl6nn21.jpg,1553248142.0,239,0.97,34,CasualUK,SEOip
b431m1,My mighty BBC Micro and Cub Monitor set up with a GoTek Floppy Dive Emulator. Absolutely love this thing,[deleted],https://i.redd.it/cf3c9wwl4nn21.jpg,1553247449.0,191,0.99,84,CasualUK,[deleted]
b42ss2,The extra mile,,https://i.redd.it/i48eryfvymn21.jpg,1553245519.0,112,0.96,4,CasualUK,PostmodernistEraser
b42qfq,"Weekly Pub Quiz #76: Songs that ‚Äúwake me up‚Äù, Stolen Art, and Medical innovations. These topics and more on this week‚Äôs edition of the pub quiz! Maybe it helps you through the Friday or maybe it's for the pub tonight. Either way, answers are in the comments and I wish you all good luck!",,https://imgur.com/a/Y13qxHH,1553245010.0,66,0.96,92,CasualUK,Kerigorrical
b42dnn,Only in Blackpool would you find a jet-ski mobility scooter,,https://i.redd.it/in9hqt3uomn21.jpg,1553242143.0,17720,0.96,452,CasualUK,Frederick_The_Great0
b4208f,Tesco self-checkout scanners apparently run on Windows,,https://imgur.com/eCgr944.jpg,1553239231.0,125,0.88,55,CasualUK,DaveChild
b3weo0,Front page news in the Isle of Man. And they say nothing happens there...,,https://i.redd.it/gkz4di3dkjn21.jpg,1553204360.0,63,0.96,10,CasualUK,Denning76
b3w3z1,Just a random ostrich on the A12 near Colchester stopping traffic...,,https://imgur.com/fIN1npI,1553202846.0,615,1.0,59,CasualUK,Bozzaholic
b3vt8d,I often drive past this building in Liverpool and wonder what they do inside...,,https://i.redd.it/s5fwcx5ibjn21.jpg,1553201338.0,250,0.99,24,CasualUK,jgeorge1983
b3vefk,I would like to thank everyone for there messages and kind words. Unfortunately Libby Squire has been found in Humber Estuary.,https://news.sky.com/story/libby-squire-body-found-in-humber-estuary-is-that-of-missing-student-police-say-11672095,https://www.reddit.com/r/CasualUK/comments/b3vefk/i_would_like_to_thank_everyone_for_there_messages/,1553199259.0,56,0.93,9,CasualUK,PrincessMazikeen
b3usno,Just your average welsh estate agents.,,https://i.redd.it/733cozxgwin21.jpg,1553196283.0,145,0.99,40,CasualUK,elmachow
b3upyw,This is crazy,,https://i.redd.it/mxa7cs6dvin21.jpg,1553195911.0,2265,0.98,143,CasualUK,[deleted]
b3udk0,Our postie's started getting a bit existential...,,https://i.imgur.com/4XeWLvk.jpg,1553194232.0,107,0.97,9,CasualUK,saladinzero
b3tz9z,Portsmouth can be pretty sometimes,,https://i.redd.it/n1xnx95skin21.jpg,1553192352.0,447,0.98,97,CasualUK,Sleepyeyesboneyknees
b3tkmf,My train out of London Euston tonight is apparently going via Westeros. Good thing I have a coat with me because I hear winter is coming.,,https://i.redd.it/j3qjnoh0fin21.jpg,1553190428.0,257,0.97,26,CasualUK,elburcho
b3t0qi,"That‚Äôs cool Amazon delivery man...my neighbours are nice, and would never try and nick my new 4K TV...apparently...",,https://i.redd.it/03ptw8a07in21.jpg,1553187735.0,682,0.99,115,CasualUK,misplacedfocus
b3skel,This is how the rich celebrates their 1y olds...,,https://i.redd.it/zv661uee0in21.jpg,1553185501.0,80,0.81,32,CasualUK,ilovebumbumbum
b3rx26,One more bloody centermeter to go lads and lassies!,,https://i.redd.it/51ebv612rhn21.jpg,1553182360.0,334,0.98,15,CasualUK,Its_a_spare_account
b3qxc0,"An egg display at Gloucester Road underground station, London...",[deleted],https://i.redd.it/ybix75sjbhn21.jpg,1553177140.0,95,1.0,45,CasualUK,[deleted]
b3qvv6,Has anyone tried boiling fizzy water and making tea with it?,Could be interesting. Or absolutely awful. ,https://www.reddit.com/r/CasualUK/comments/b3qvv6/has_anyone_tried_boiling_fizzy_water_and_making/,1553176935.0,75,0.94,71,CasualUK,Alistairio
b3qrzf,Good day for chips and gravy!,,https://i.redd.it/isnf1wo39hn21.png,1553176337.0,375,0.95,54,CasualUK,Hazard262
b3q6i2,"If you are having a bad day, it could always be worse. This paper dispenser just flew open and smacked me in the face while I was having a shit. üëç",,https://i.redd.it/krasb06rygn21.jpg,1553172837.0,312,0.96,26,CasualUK,millsytime
b3q4om,This person got a happy ending after successfully assembling their Argos office chair,,https://i.redd.it/todx7bntxgn21.jpg,1553172523.0,67,0.88,2,CasualUK,allthesounds
b3pwy8,Wikipedia's key information on squash,,https://i.imgur.com/LlfbPTe.png,1553171176.0,322,0.99,32,CasualUK,Steddy_Eddy
b3ppq8,My local magazine's editor might need to double check some stuff,[deleted],https://i.redd.it/py95ec8v7cn21.jpg,1553169882.0,155,0.98,23,CasualUK,[deleted]
b3phxs,What is the biggest disappointment in recent British history?,[deleted],https://www.reddit.com/r/CasualUK/comments/b3phxs/what_is_the_biggest_disappointment_in_recent/,1553168417.0,195,0.98,381,CasualUK,[deleted]
b3pexq,"I present the highest crocheting in England, atop Scafell Pike about 5 months ago :)",,https://i.redd.it/3tzlebmkjgn21.jpg,1553167831.0,146,0.94,13,CasualUK,Eponases
b3p4gb,"Thanks /r/casualUK - truly, doing the lords work",,https://i.redd.it/un62k4pldgn21.png,1553165782.0,1161,0.97,38,CasualUK,Penderyn
b3ouop,Flamborough lighthouse (Yorkshire),,https://imgur.com/0K1f6U0,1553163711.0,72,0.94,3,CasualUK,binarydaaku
b3ocox,"This tile at London Bridge seems to be faulty, anyone know how to fix it?",,https://i.imgur.com/y2QDJOE.jpg,1553159622.0,212,0.99,17,CasualUK,[deleted]
b3nrcr,"Often take the pup here. Just down from Firkin Point, Loch Lomond.",,https://i.redd.it/jzxyhsvagfn21.jpg,1553154525.0,339,0.99,25,CasualUK,[deleted]
b3iglp,The 11th of March in 1864 in Sheffield was very moist indeed(Italian for scale).,,https://i.redd.it/0p1c6uxhocn21.jpg,1553120962.0,129,0.97,30,CasualUK,justhowulikeit
b3gz0t,Robin Hoods Bay - East coast,,https://i.redd.it/3beyq1wq2cn21.jpg,1553113653.0,90,1.0,8,CasualUK,MCwaneo
b3gusy,"Happy Spring! Baby lamb at Stourhead, Wiltshire [OC]",,https://i.redd.it/ko7txg6z0cn21.jpg,1553113070.0,191,0.99,24,CasualUK,dhoadley
b3gjfh,The Shard has a poop deck!,,https://i.redd.it/h6ybfe2fwbn21.jpg,1553111520.0,166,0.98,50,CasualUK,Toleron
b3fci9,Old American Dennis The Menace vs. Old British Dennis The Menace,,https://twitter.com/ColdmanHot/status/1107048670615212032,1553105577.0,112,0.98,21,CasualUK,[deleted]
b3f5ir,The perks of having a teacher girlfriend,[deleted],https://i.redd.it/dqdjn180cbn21.jpg,1553104652.0,292,0.98,20,CasualUK,[deleted]
b3eu7w,Just two frogs acting casual.,,https://imgur.com/jIBvcAO,1553103063.0,67,0.98,14,CasualUK,iff_true
b3eh95,Tell us about the first time you got drunk,"I was 15 and we ordered a bottle of Famous Grouse from Tesco with my mate's dad's card. Got hammered, threw up, passed out, standard.

There must be some good stories out there.",https://www.reddit.com/r/CasualUK/comments/b3eh95/tell_us_about_the_first_time_you_got_drunk/,1553101254.0,72,0.95,112,CasualUK,joethesaint
b3ee7x,¬£1599 is an expensive kebab night in. I did ring the restaurant and let them know about the obvious typo.,,https://i.redd.it/zwzawfam0bn21.jpg,1553100823.0,86,0.97,11,CasualUK,Grownuppieceofjizz
b3e3zg,104 year old gran from a care home gets ‚Äúarrested‚Äù by the police in lifelong wish,[deleted],http://www.bristolpost.co.uk/news/bristol-news/youre-very-compliant-prisoner--2665786,1553099424.0,95,0.96,14,CasualUK,[deleted]
b3dyd9,"Not only is my mug big enough to dunk a standard Mcvitie‚Äôs Digestive biscuit in, but also boasts a slightly broken English message, adorned with my name. Given to me as a Souvenir from my Mum‚Äôs holiday about 10 months ago. And it‚Äôs tin.",,https://i.redd.it/9d1hgtu5uan21.jpg,1553098657.0,52,0.98,18,CasualUK,[deleted]
b3cy74,"Biked to the Snake Pass summit at lunchtime, the view to the rapidly changing Manchester skyline from there is magic",,https://i.redd.it/ecozk79rean21.jpg,1553093513.0,72,0.98,9,CasualUK,aperijove
b3cx1c,It's a damn good day for the beech,,https://i.imgur.com/5tJLEiV.jpg,1553093331.0,60,0.95,15,CasualUK,Mccobsta
b3cj7o,"Keith Flint mural in Southend-on-Sea, Essex",,https://i.redd.it/2t4t5tu58an21.jpg,1553091301.0,206,0.97,11,CasualUK,Jonnyn00bhead
b3cgyq,Haven't had one of these since my last school disco,[deleted],https://i.redd.it/4tb4sn3b7an21.jpg,1553090965.0,374,0.99,54,CasualUK,[deleted]
b3btia,Difference between McVities caramel and chocolate digestives. The caramel is the top one.,,https://i.redd.it/60yshk6pw9n21.jpg,1553087399.0,97,0.95,21,CasualUK,AsianEngineerBoi
b3b7xb,The winner of the ¬£71m Euromillions jackpot has been revealed as a factory worker from Hereford.,[deleted],https://www.bbc.com/news/uk-england-hereford-worcester-47637346,1553083765.0,85,0.95,111,CasualUK,[deleted]
b3b4dc,the cafe at work decided the bacon on my jacket potato should be served as a side salad,,https://i.redd.it/ipqw3ig0k9n21.jpg,1553083146.0,452,0.97,52,CasualUK,rw43
b3aafl,Boots trying to be sensitive while letting you know your mum's breath stinks,,https://i.redd.it/sfnq0lca29n21.jpg,1553077173.0,356,0.99,8,CasualUK,kikolock
b3a31c,"In honour of Spring Equinox today, here is a photo of Richmond Park that I stole from Google images. I can't wait for park benches and (the possibility of) sunshine!",,https://i.imgur.com/B0groRw.jpg,1553075599.0,112,0.96,10,CasualUK,maxxdreddit
b39wu3,Brilliant art work By Nyces,,https://i.redd.it/r2ws1ht9t8n21.jpg,1553074201.0,4596,0.95,83,CasualUK,painlessblade
b39kvy,Russel Brand stopped at my local Toad Patrol last night and carried two toads across the road üê∏,,https://i.redd.it/2aot2yl9l8n21.jpg,1553071445.0,424,0.96,60,CasualUK,abighazard
b3437z,Do Your duty - plant some of these this weekend,,https://i.redd.it/116ejcisl5n21.jpg,1553035544.0,109,0.98,22,CasualUK,cosmodibbs
b329fd,My local Chinese's random selection of presumably precious customers. Clearly recent visitors.,[deleted],https://i.redd.it/xs9lvk1gv4n21.jpg,1553026443.0,62,0.93,14,CasualUK,[deleted]
b31p7b,The Many Ways of Transcribing Jimmy Carr‚Äôs Laugh,,https://i.redd.it/6qok79ven4n21.jpg,1553023740.0,57,0.98,10,CasualUK,TheGardenBlinked
b30qef,Never been shouted at by a train before,,https://i.redd.it/mztzwdcu84n21.jpg,1553018900.0,210,0.98,8,CasualUK,dutts303
b30kw7,Another Smashing Shot of Windermere,,https://i.redd.it/lpdnkg5u64n21.jpg,1553018166.0,70,0.96,7,CasualUK,Scantcobra
b30cs1,Not expecting a high belief rate but this is actually what I opened my crisp packet to see,,https://i.redd.it/6huaw5xk34n21.jpg,1553017071.0,87,0.88,29,CasualUK,[deleted]
b2zf5c,Goodbye job!,"Finally plucked up the courage today to resign from my current job and I've never felt better! Can't fault the company at all, just the job I couldn't stand, and it has been weighing very heavily upon me mentally for quite sometime now.  
Entering a slightly uncertain period now with trying to keep up with rent/bills, so if there's anyone been in this kind of situation and has any tips or advice that would be greatly appreciated &lt;3  
For now, goodbye job and goodbye depression!  
  
PS - One crumb of comfort to me recently is that the flat upstairs have got a dog (which is a bit cheeky as I didn't think we were allowed pets), and I've found that if I scratch/knock on the ceiling it comes bounding over to investigate - I can hear it's feet running from the other side of the flat to directly above me! So now I have a dog to play with haha",https://www.reddit.com/r/CasualUK/comments/b2zf5c/goodbye_job/,1553012497.0,71,0.99,37,CasualUK,MellotronSymphony
b2yyo6,Some bloke drops his skins in the same spot every day on his way to work.,,https://i.redd.it/mfiawor8j3n21.jpg,1553010232.0,510,0.98,98,CasualUK,JIAB15
b2yfyq,Best day of my life,,https://i.redd.it/pigt52oib3n21.jpg,1553007634.0,433,0.99,64,CasualUK,md3372
b2y5sr,Cucumbers... Perfect for mothers day,,https://i.redd.it/avacol5073n21.jpg,1553006117.0,120,0.96,12,CasualUK,TylerPFC
b2xika,"Not sure why this popped up in my recommended, but makes me proud to be British.",,https://imgur.com/UwC3mr9,1553002686.0,622,0.96,62,CasualUK,Wrenny
b2x30m,Graffiti or art?,,https://i.redd.it/dsrpm2php2n21.jpg,1553000229.0,180,0.93,53,CasualUK,Bamagain304
b2wexa,"They care where we park, but not, apparently, where they do üòÇüòÇüòÇ",,https://i.redd.it/n7x9c64zc2n21.jpg,1552996019.0,6103,0.97,153,CasualUK,watchman62
b2wda2,Navid from Still Game telling it like it is [mild NSFW language],,https://streamable.com/pe0ie,1552995708.0,59,0.87,8,CasualUK,CharredChicken
b2wb56,My bosses son lost a bet last summer. ‚ÄúIf England don‚Äôt make the finals...‚Äù,,https://i.redd.it/x0j0qa9ta2n21.jpg,1552995288.0,134,0.94,27,CasualUK,Beardvision89
b2vzyt,Happy 25th Birthday to this glorious bastard.,,https://i2-prod.stokesentinel.co.uk/whats-on/article1252971.ece/ALTERNATES/s615b/Nemesis.jpg,1552993159.0,497,0.98,115,CasualUK,ill_tonkso
b2vz7c,"Car going the wrong way outside MediaCity today, ends up on the arena flipper.",,https://twitter.com/bbcnwt/status/1107955949006979072?s=21,1552993002.0,158,0.98,41,CasualUK,pinnipedfriendo
b2vsj8,Blencathra. There are some beautiful spots in this country,,https://i.redd.it/pz58nel202n21.jpg,1552991681.0,99,0.98,9,CasualUK,KKong31
b2v3ex,Woody &amp; Buzz: Traumatising local primary school children since 1996,,https://i.redd.it/cqrsbhw5k1n21.jpg,1552986326.0,177,0.98,30,CasualUK,Jessickles9
b2uqwx,My sister just came to New Zealand on holiday from England and god how I‚Äôve missed minstrels. And chocolate oranges.,,https://www.reddit.com/r/CasualUK/comments/b2uqwx/my_sister_just_came_to_new_zealand_on_holiday/,1552983369.0,64,0.93,58,CasualUK,RXHobbes
b2umv5,Do any of you work with someone as discusting as this?!,[deleted],https://imgur.com/6p5b9DN,1552982457.0,62,0.81,59,CasualUK,[deleted]
b2ue5s,Oh Telford...,,https://i.redd.it/qz19q3mw21n21.jpg,1552980523.0,289,0.97,48,CasualUK,Ekauno
b2tub9,Beacon fell this morning,,https://i.redd.it/v0m8uj6sq0n21.jpg,1552976447.0,431,0.98,36,CasualUK,crops76
b2pcfb,Can't argue with that algorithm.,,https://i.redd.it/cg52qsnxiym21.jpg,1552949593.0,5096,0.97,93,CasualUK,PeteAllan
b2obv2,"Almost 30 years before the world got Skyrim, us brits had Knightmare",,https://i.redd.it/8qwyehbg3ym21.jpg,1552944386.0,595,0.99,95,CasualUK,allthekos
b2o80j,"With all this knife crime, we mustn't sell knives to people under 18.",[deleted],https://i.redd.it/9t4iritr1ym21.jpg,1552943851.0,101,0.98,27,CasualUK,[deleted]
b2o0an,"Spent my whole life thinking it had to be a thick card of some variety, but no: train ticket in hotel hole",,https://i.redd.it/vow1ujepyxm21.jpg,1552942793.0,163,0.97,50,CasualUK,melonysnicketts
b2n0sw,This chap is an example to us all.,,https://www.bbc.co.uk/news/uk-england-tees-47611453,1552937774.0,324,0.99,16,CasualUK,[deleted]
b2mxd3,Drunk scouser tries to pay for his taxi with rizla papers.,,https://v.redd.it/53ocuo2aixm21,1552937326.0,75,0.94,15,CasualUK,chrissypearce92
b2mrxd,"CasualUK hits 300,000 subscribers!",[deleted],https://www.reddit.com/r/CasualUK/comments/b2mrxd/casualuk_hits_300000_subscribers/,1552936544.0,302,0.98,80,CasualUK,[deleted]
b2mqse,Clear day for Britain and Ireland from the ISS,,https://i.redd.it/369fkweiyvm21.jpg,1552936391.0,149,0.99,27,CasualUK,janusrose
b2ml4h,Just your friendly neighbourhood cruise missile. Not even the most peculiar thing I‚Äôve seen while driving... I think,,https://i.imgur.com/HQyrFeU.jpg,1552935615.0,124,0.98,25,CasualUK,Cueball61
b2m7nb,"My colleague gave me a ginger twix at work on Friday, apparently from B+M. Subsequently I dragged my boyfriend round 3 B+Ms (at 3 different retail parks), was told today that it was actually Home Bargains. I've now bought 16 bars and hidden them round the house, that'll soften the blow, right?",,https://i.redd.it/1giipl046xm21.jpg,1552933747.0,77,0.91,21,CasualUK,phoenixgirl2
b2lucr,The Tube can be a place a beauty!,,https://i.redd.it/du6svry92xm21.jpg,1552931884.0,221,0.93,40,CasualUK,borheist
b2komb,"Just incase anyone struggles to find the perfect gift, pop down to Morrison's and get some prawns.",,https://i.imgur.com/0YXDR0c.jpg,1552926128.0,855,0.99,59,CasualUK,FuckFaceCuntTwat
b2kab1,These Germans are cheeky little shits.,[deleted],https://i.redd.it/mbscx1l5fwm21.jpg,1552924127.0,1207,0.98,71,CasualUK,[deleted]
b2jyo5,I remember a post on here recently where people were saying they‚Äôve never seen two squirrels at the same time. Here‚Äôs a quiet day at my garden.,,https://gfycat.com/InfantileLeadingHammerheadshark,1552922464.0,67,0.91,32,CasualUK,9DAN2
b2jbn8,Avengers infinity war is the most ambitious crossover ever m-,,https://imgur.com/JingLQo,1552919050.0,84,0.94,5,CasualUK,Manchego222
b2jbgz,I've ordered a new vacuum cleaner and I'm really excited,[deleted],https://www.reddit.com/r/CasualUK/comments/b2jbgz/ive_ordered_a_new_vacuum_cleaner_and_im_really/,1552919025.0,57,0.9,79,CasualUK,[deleted]
b2io9p,Poem in the Gents,,https://imgur.com/xkuhUf8,1552915315.0,211,0.97,21,CasualUK,samwiggy
b2idq3,If I lean to one side I can watch the TV while sat on the downstairs toliet,,https://i.redd.it/m1uf5oyyjvm21.jpg,1552913622.0,293,0.95,64,CasualUK,sjr606
b2i2i8,Honest taxi driver explains why he is running late,,https://v.redd.it/8rw2eovbevm21,1552911763.0,7312,0.98,197,CasualUK,brett_123
b2hxhy,Offering free help for GCSE maths,[deleted],https://www.reddit.com/r/CasualUK/comments/b2hxhy/offering_free_help_for_gcse_maths/,1552910892.0,205,0.98,82,CasualUK,[deleted]
b2hrw8,"Oh Facebook marketplace, never change!",,https://i.redd.it/bg9kkhsjium21.jpg,1552909905.0,137,0.95,22,CasualUK,EmptyAdeptness
b2gvj4,Bananas in Pyjamas is kinda depressing looking back. It's just two unemployed guys hanging out in their PJs all day.,,https://www.reddit.com/r/CasualUK/comments/b2gvj4/bananas_in_pyjamas_is_kinda_depressing_looking/,1552903777.0,270,0.99,19,CasualUK,Dasnap
b2gglh,An overflowed road,[deleted],https://i.redd.it/r8xccsq0hum21.jpg,1552900523.0,72,0.95,17,CasualUK,[deleted]
b2gazd,Nice view to wake up to.,,https://i.redd.it/ogofucjadum21.jpg,1552899269.0,121,0.98,9,CasualUK,JulesSilvan
b2g5c5,'Hearts are shit' - Nurses shocked by Hibs fan's first words in FOUR months after stroke,,https://www.dailyrecord.co.uk/news/scottish-news/hearts-s-nurses-shocked-hibs-14149395,1552897962.0,182,0.94,30,CasualUK,chinli
b2b6k8,The Ladybower Reservoir plugholes are overflowing again. I find these oddly mesmerising...,,https://v.redd.it/49cgbu59drm21,1552863369.0,129,1.0,44,CasualUK,signalstonoise88
b2azsy,"Of course it was closed, it was a Sunday morning! (Margate, 17/3/19)",,https://i.redd.it/6gflu728brm21.jpg,1552862260.0,80,0.98,25,CasualUK,spoonfett
b2afwx,‚òòÔ∏è,,https://i.redd.it/12idteuv1rm21.jpg,1552859119.0,194,0.95,5,CasualUK,jackcoylejc
b2a7ql,So today I found these are a thing.,,https://i.redd.it/gkbif8e5yqm21.jpg,1552857880.0,59,0.97,10,CasualUK,flux_crapacitator
b29rcv,"Ladies, could you help me answer this Google Maps question",,https://imgur.com/IB0kvia,1552855415.0,222,0.98,26,CasualUK,thatsitCheese
b28y63,Two week warning: Mother's Day is on the 31st.,"Just a heads up. 
",https://www.reddit.com/r/CasualUK/comments/b28y63/two_week_warning_mothers_day_is_on_the_31st/,1552851058.0,15965,0.95,478,CasualUK,Caridor
b28kwf,Bertie Bassett goes rogue,,https://i.imgur.com/rUBwWUu.gifv,1552849128.0,121,0.97,14,CasualUK,BCurios
b28igf,Well in to whoever left a valid ticket in the machine at Haymarket to Glasgow,"I'd love to say I'll pay it forward but I'm a uni student so probably not 

Cheers anyway though you mystery soundcunt",https://www.reddit.com/r/CasualUK/comments/b28igf/well_in_to_whoever_left_a_valid_ticket_in_the/,1552848778.0,50,0.95,12,CasualUK,JoeySadass
b28ic7,Encountered a slight problem when following a footpath near Keswick today.,,https://imgur.com/G2PrTy2,1552848759.0,54,0.95,10,CasualUK,Emsicals
b28fdc,My view walking the dogs this morning. Wouldn't want to live anywhere else.,,https://i.redd.it/swkdtk5k5qm21.jpg,1552848307.0,77,0.99,11,CasualUK,Jonnie_r
b289ro,A happy ending for a homeless guy in Liverpool who had been sleeping in a tent for a long time.,,https://i.redd.it/yebzk1yr1qm21.jpg,1552847484.0,84,0.98,10,CasualUK,anagoge
b2805y,Just your average teen having a fag on top of the shelter (Emsworth station) sorry for bad quality.,,https://i.redd.it/kcxi4444zpm21.jpg,1552846075.0,144,0.97,17,CasualUK,girisen
b27zx0,I went for a wander today and managed catch a train trundling over the mighty Ribblehead Viaduct,,https://i.imgur.com/EjSEJCh.jpg,1552846041.0,713,0.99,59,CasualUK,President-Nulagi
b270h5,Found a bargain in brighton...,,https://i.imgur.com/JfILLLt.jpg,1552840707.0,525,0.99,27,CasualUK,josebaker
b26w67,"Bassenthwaite, you lovely bastard",,https://i.redd.it/8qe6jl06hpm21.jpg,1552840040.0,53,0.95,9,CasualUK,thedonkeylasher
b26rns,English counties and their flags,,https://imgur.com/F1Tw8Mt.jpg,1552839334.0,2774,0.98,467,CasualUK,SaltireAtheist
b26hiv,A nice view of Scarborough,,https://i.redd.it/kxwh2m4aapm21.jpg,1552837736.0,51,0.81,20,CasualUK,jimboconker77
b26gms,NG241UL,,https://i.redd.it/u6p19k7v9pm21.jpg,1552837594.0,73,0.94,4,CasualUK,Roxxocube
b25lzh,Something tells me they don‚Äôt want microwaves.,,https://i.redd.it/83fesu7duom21.jpg,1552832432.0,68,0.95,11,CasualUK,ClarksonYouPillock
b252v7,Anyone remember getting this in the early 90s?,[deleted],https://i.redd.it/hnw1pbopjom21.jpg,1552828786.0,131,0.98,19,CasualUK,[deleted]
b24x25,"if you were or are the friendly gent (blue coat) who was in the shop half an hour ago and left a big jar of bees on the table in the poetry section, please come back and reclaim your jar of bees. if you aren't, please rt until we find him #FindTheBeeGent",,https://twitter.com/LRBbookshop/status/1106919280921247744,1552827583.0,97,0.97,21,CasualUK,haxamin
b24uo7,Cockapoo problems with UK weather,,https://i.redd.it/478jejbleom21.jpg,1552827082.0,2008,0.99,25,CasualUK,vanishedbyu
b24o2v,Freshen Up,,https://i.redd.it/tdwiza47aom21.jpg,1552825625.0,118,0.94,36,CasualUK,AndyM_LVB
b24mhn,Channel 5 documentary uses Tokyo skyline for London documentary,,https://i.redd.it/0evo8gk59om21.jpg,1552825238.0,265,0.99,18,CasualUK,GherkinPie
b24ax1,This is just embarrising at this point...,,https://i.redd.it/fbjfdlbp0om21.png,1552822419.0,336,0.99,89,CasualUK,Dann1793
b242ce,"Some ""interesting"" people shopping at lidl yesterday",,https://i.imgur.com/53KDCJZ.jpg,1552820317.0,475,0.99,64,CasualUK,oliverj400
b23syh,Original bad boy...!,,https://i.redd.it/sx3kysb2nnm21.jpg,1552817816.0,562,0.97,106,CasualUK,BCurios
b23ccx,Got a visit from this little guy this morning.,,https://i.redd.it/lusqde2w9nm21.jpg,1552813391.0,65,0.92,15,CasualUK,[deleted]
b233wf,Has anyone ever bought a pint glass? Or have we just all nicked them from the local?,,https://www.reddit.com/r/CasualUK/comments/b233wf/has_anyone_ever_bought_a_pint_glass_or_have_we/,1552810940.0,99,0.97,83,CasualUK,emmanem1892
b22u88,7am and training for my first 5k I flapped 2.3 miles round the seafront and found a pair of shamrock glasses - Happy St Patrick's Day!,,https://i.redd.it/4e1to82iumm21.jpg,1552808213.0,9049,0.87,297,CasualUK,RedBanana99
b22oy8,Happy dubious claims of Irish heritage day!,"And to you Americans who think it's called St Pattys Day, fuck off",https://www.reddit.com/r/CasualUK/comments/b22oy8/happy_dubious_claims_of_irish_heritage_day/,1552806889.0,235,0.98,62,CasualUK,kumquat_may
b1y9bl,Classic EE,[deleted],https://i.redd.it/3e02o22t5km21.jpg,1552775681.0,755,0.98,91,CasualUK,[deleted]
b1y93m,First ever pint of Guinness at aged 26!,,https://i.redd.it/ba236u2p5km21.jpg,1552775646.0,72,0.86,50,CasualUK,elizadont
b1xllk,England Win the 6Nations Grand Slam!,,https://www.bbc.co.uk/sport/live/rugby-union/46753647,1552771875.0,73,0.83,7,CasualUK,CandleJakk
b1x5kd,Pillow Cases from Bodycare for a mere 29p a pair.,,https://i.imgur.com/PYVnyH7.jpg,1552769353.0,101,0.99,17,CasualUK,twoshillings
b1td30,Road was closed for a week while getting resurfaced...,,https://i.redd.it/6e7x0dcaxhm21.jpg,1552748607.0,505,0.99,39,CasualUK,jrsoehley
b1t18z,Going to spend a bleak afternoon with the children in the park. The bin is just out of view and the see-saw has been removed.,,https://i.redd.it/9dytpp5irhm21.jpg,1552746661.0,160,1.0,24,CasualUK,Dimbostar
b1sx80,That well known superhero...,,https://i.redd.it/nop8h76gphm21.jpg,1552745974.0,126,0.99,13,CasualUK,jogi01234
b1sjm4,I bought a pub and we finally got the keys this morning.,,https://i.redd.it/wj32mszfihm21.jpg,1552743647.0,8511,0.98,468,CasualUK,mummifiedllama
b1segt,Found in my dads shed almost 20 years old,,https://i.redd.it/12bxch1sfhm21.jpg,1552742729.0,138,0.99,13,CasualUK,jinkson1984
b1s9x9,Wow council thanks for telling me how to cross a road,,https://i.redd.it/elmmfhrzchm21.jpg,1552741834.0,79,0.9,18,CasualUK,Intelegent_Tom
b1s8e8,The quest for the frog nose did not go to plan,,https://i.redd.it/ev3tngdachm21.jpg,1552741541.0,100,0.94,17,CasualUK,CDatta540
b1s7v3,An interesting ¬£50 note that was taken as payment at my work,,https://i.redd.it/z1xqf80zbhm21.jpg,1552741438.0,444,0.95,76,CasualUK,eastley1989
b1s07t,The epitome of this sub,,https://i.redd.it/j31dggm07hm21.jpg,1552739774.0,561,0.98,16,CasualUK,Tomrayham
b1ry8d,"Don't mind me, just taking a dump in the bin.",,https://i.imgur.com/CndKDGM.jpg,1552739366.0,152,0.96,4,CasualUK,Know_The_Ledge
b1rs7p,Made me chuckle (frozen jacket potatoes) üòÑ,,https://i.redd.it/q2isc2ww1hm21.jpg,1552738055.0,396,0.99,40,CasualUK,mr_completely
b1rbcb,Even the ducks wanted a lay in this morning,,https://i.redd.it/wvvj14bcqgm21.jpg,1552734222.0,124,0.96,18,CasualUK,thisiscotty
b1qy55,"Been spendin' most our lives, livin' in a...",,https://i.redd.it/q7nawrf7hgm21.jpg,1552731087.0,477,0.98,23,CasualUK,alphacentaurai
b1qtva,"I raise your ""biggest difference between brits and americans is how we view james corden"" and present to you, Hugh Laurie.",,https://i.redd.it/jsy85j26egm21.jpg,1552730067.0,35089,0.93,1034,CasualUK,palebluedot1988
b1ok5y,"In Dartmouth, Devon, there is a place called Dead Man's Cross. Long ago, criminals were hanged there. Now, residents are spooked by this unintentional shadow, created by the nearby road sign.",,https://i.redd.it/6ye8723j0em21.jpg,1552710627.0,1311,0.99,38,CasualUK,ashlynbellerose
b1m067,It's great to see National Express standing in solidarity with today's climate protests!,,https://i.redd.it/gnmmoj7uedm21.jpg,1552694016.0,397,0.99,5,CasualUK,AnythngControversial
b1lcom,The Cerne Abba Giant,,https://www2.b3ta.com/host/creative/82033/1552683146/CerneAbba.jpg,1552690200.0,117,0.96,23,CasualUK,Currency_Cat
b1l519,Corner shop keeping it simple (Newcastle),,https://i.redd.it/uh6l1kzzzcm21.jpg,1552688981.0,441,0.99,39,CasualUK,BZPhotos
b1klpa,To the person who turned in my lost phone,"I‚Äôm genuinely shocked that someone would return my phone as it‚Äôs one of the new iPhones. I was having a huge panic attack thinking I had lost it as was frantically watching the find my iPhone display to see if I could figure out where the hell it was. Turns out I dropped it on the bus and in my panic to return to the previous stop where I got on to find it, I left it on the bus. To the person who picked it up, I can‚Äôt even explain how grateful I am. This phone is a major coping mechanism for me and keeps a lot of bad habits in control. I‚Äôm so so thankful kind souls like yourself exist and don‚Äôt take advantage of such situations. I can‚Äôt truly express my gratitude. I hope you see this. Thank you so much",https://www.reddit.com/r/CasualUK/comments/b1klpa/to_the_person_who_turned_in_my_lost_phone/,1552686070.0,114,0.96,17,CasualUK,LightSwagami
b1kht9,"For those of you who love roundabouts. Here‚Äôs one with 5 little ones inside it- Colchester, Essex.",,https://i.redd.it/ogz25deipcm21.jpg,1552685473.0,87,0.98,40,CasualUK,Benjapeters
b1k7zl,I am a Londoner. I now officially love the Midlands.,,https://i.redd.it/7wie1j1alcm21.jpg,1552684032.0,57,0.89,52,CasualUK,lizzieeeee425
b1k64w,"""ahh safe in my billboarOH GOD.""",,http://imgur.com/a/7EFFS2Z,1552683773.0,288,0.99,14,CasualUK,weikie
b1jhye,"Fray Bentos pies - 25mins to cook ...2 hrs ,2 tin openers and a knife to open,going to use my angle grinder next time.",,https://i.redd.it/2r00hvzl9cm21.jpg,1552680208.0,110,0.96,52,CasualUK,wadeybb
b1jh9h,It was 6pm and I walked past the most twatted guy I‚Äôve seen,"And this is coming from a bartender. He had his boxers round his ankles, knob in the wind whilst his two mates were holding him up and laughing. They pulled his trousers up and he passed out on the ground and his mate rings another mate telling him what‚Äôs happened and laughing down the phone. This dudes arse is also out in full force for whatever reason. I left my flat maybe half hour later and lo and behold he‚Äôs still on the ground with his trousers back around his legs and his mates taking selfies with him.

Gotta love Nottingham ",https://www.reddit.com/r/CasualUK/comments/b1jh9h/it_was_6pm_and_i_walked_past_the_most_twatted_guy/,1552680109.0,52,0.98,10,CasualUK,MrTurleWrangler
b1itae,The Post Office reckon themselves as comedians,,https://i.redd.it/x0awijohzbm21.jpg,1552676705.0,110,0.97,26,CasualUK,KoolKarmaKollector
b1ia13,Thought I was taking my daughter to Tropical World today - ended up in some sort of hellish giant rodent red light district instead.,,https://i.imgur.com/iTQJom5.jpg,1552673994.0,2482,0.99,72,CasualUK,loudribs
b1i7ep,Well this is an interesting start to my weekend,[deleted],https://i.redd.it/f1f63ci9qbm21.jpg,1552673623.0,409,0.99,33,CasualUK,[deleted]
b1i4td,"Not the clearest picture due to having a crap phone but I got a Commonwealth games 2002 Wales ¬£2 in my change today- less than 600,000 were minted.",,https://i.redd.it/qbgwlfn7pbm21.jpg,1552673258.0,69,0.85,16,CasualUK,claireinmanchester
b1i2fl,Great Western Railway smashed it out the ballpark,"Ok so first up I'm disabled and  I have difficulty walking and have to take a train trip tomorrow.

The platform for my train doesnt have lift access and to be completely honest I struggle with stairs.

So there is this thing called train/travel assist where you can call them up the day or so before you travel and they make arrangements to make the trains accessable. Usually by making the train come in on a stepfree platform.

So I call them up and we'll call him Fred (a very helpful chap) looks to see what he can do to help me. 

Well.... Apparently it is easier and cheaper to get a taxi to take me from my depature station and drop me off at my arrival station than it is to shift trains about. Which is awesome and I am very greatful for this. 

The ridiculous part is i simply need to have my train tickets which as I  have a disabled railway card (gets a 1/3 off the cost of the ticket ) means I'm going  on a journey of almost an hour in a cab for less than a daily bus ticket for my local area. 

Dont let anyone knock the public transport in the UK. It may be a bit pricey if you commute and sometimes a wee bit late but overall and especially in this case its awesome. 
",https://www.reddit.com/r/CasualUK/comments/b1i2fl/great_western_railway_smashed_it_out_the_ballpark/,1552672920.0,149,0.98,30,CasualUK,sphscl
b1hpmi,Entertainment on British trains,,https://i.redd.it/nvs3786vibm21.jpg,1552671110.0,7490,0.98,124,CasualUK,iiisapnu-puas
b1hojg,Blackpool never ceases to amaze me,,https://i.redd.it/7tijiwaeibm21.jpg,1552670957.0,160,0.99,11,CasualUK,sircrespo
b1gi5m,"My missus is a Health Visitor and visited a family who's named their Kid and I quote ""Keef like Beef init"" when asked how it's spelt",,https://www.reddit.com/r/CasualUK/comments/b1gi5m/my_missus_is_a_health_visitor_and_visited_a/,1552664926.0,86,0.96,48,CasualUK,AntiSocialMackerel
b1g34t,"A street vendor selling action ""fight scene"" shots",[deleted],http://i.imgur.com/DhsgTBq.gifv,1552662711.0,1201,0.98,54,CasualUK,[deleted]
b1fj03,"Today‚Äôs Casual snack, BBQ crickets, from Sainsbury‚Äôs. Flavour 6/10. Crunch 10/10",,https://i.redd.it/nq930dpqkam21.jpg,1552659639.0,106,0.94,66,CasualUK,Old-Blighty
b1emxm,Beautiful day in Scarborough,,https://i.redd.it/o8noexex5am21.jpg,1552654676.0,66,0.93,10,CasualUK,jimboconker77
b1emj0,"Wife offered to buy me a ‚Äòbreakfast‚Äô at Giraffe, was not optimistic but in the end was pleasantly surprised! (Still not a patch on The super sausage cafe on the a5 but beggars can‚Äôt be choosers)",,https://i.redd.it/xt5e1scq5am21.jpg,1552654612.0,341,0.95,125,CasualUK,-Dastardly-
b1ema2,This funny car sticker I found,,https://i.redd.it/e5xa0svo5am21.jpg,1552654574.0,137,0.92,17,CasualUK,[deleted]
b1dsah,What's on for lunch today?,,https://i.redd.it/26eo8vpeq9m21.jpg,1552649434.0,493,0.99,24,CasualUK,johnsafc
b1dnlu,Result. Ordered online at 10pm last night a sizeable Sainsburys shop. Delivered this morning at 7:15 and only one of nearly 90 items were substituted.,"On top i appear to have a bottle of pink wine that wasn‚Äôt on the receipt. 

Thats a win in my book üìö ",https://www.reddit.com/r/CasualUK/comments/b1dnlu/result_ordered_online_at_10pm_last_night_a/,1552648558.0,365,0.96,37,CasualUK,Rextherabbit
b1dkwv,Looks like I‚Äôm no getting the car out this morning.,,https://i.redd.it/e4u32zpam9m21.jpg,1552648075.0,571,0.98,89,CasualUK,Anchor-shark
b1d4z9,Having Fun at Gatwick,,https://v.redd.it/541llur6b9m21,1552644944.0,2141,0.97,119,CasualUK,Arsewipes
b1cvv5,"Is there a black market for wheelie bins? I've got about a dozen around the front of my house. Also, I reckon I could snaffle next door's gazebo in the dead of night and blame it on the wind. ¬£100 ono. No cranks.",,https://www.reddit.com/r/CasualUK/comments/b1cvv5/is_there_a_black_market_for_wheelie_bins_ive_got/,1552642974.0,193,0.96,46,CasualUK,panicky_in_the_uk
b1ctoz,Never buying coke again,,https://i.redd.it/nl9nfmrr59m21.jpg,1552642497.0,1929,0.98,59,CasualUK,MCblumperz
b1csqv,Heart Radio Playing every day at work is torture,"honestly about 10 artists in total are played and they do this so blatantly now on the guise of offering ¬£30,000 as a cop out to playing Lady Gaga up to 3 times an hour every hour.

&amp;#x200B;

In the office I once changed it to Absolute Radio or Radio X and the women in the office switched it back after 2 days! Anyone else think it's a steaming pile on a plate?",https://www.reddit.com/r/CasualUK/comments/b1csqv/heart_radio_playing_every_day_at_work_is_torture/,1552642302.0,294,0.98,166,CasualUK,AntiSocialMackerel
b1cokn,My neighbour fixed my fence in this bloody wind!,,https://imgur.com/npVUtoo,1552641389.0,83,0.97,10,CasualUK,carvott
b1ciwa,"Weekly Pub Quiz #75: Mythical creatures, the Michelin man, and Largest Lakes all feature on this week‚Äôs quiz. The highest score in the pub this week was 20, the average score was 12. As always, the answers are in the comments and everyone is welcome!",,https://imgur.com/a/75BVmdP,1552640130.0,60,0.95,93,CasualUK,Kerigorrical
b1chah,Today in passive-aggressive notes from the work kitchen...,,https://i.imgur.com/sQbhFBG.jpg,1552639780.0,54,0.88,18,CasualUK,cryptus
b1ccwv,Reminder to drivers on windy days like today.,Please leave extra room overtaking bikes today. The wind is pretty strong and a gust can push a rider a few feet sideways with little warning. Please leave extra space! Thanks very much.,https://www.reddit.com/r/CasualUK/comments/b1ccwv/reminder_to_drivers_on_windy_days_like_today/,1552638787.0,160,0.95,96,CasualUK,pm_me_ur_scruttocks
b1can0,Introducing the ‚ÄúMc Cheap Bastard‚Äù^TM,,https://i.redd.it/4rbitz86t8m21.jpg,1552638257.0,5587,0.98,457,CasualUK,odiedodie
b18g76,A British store near my house,[deleted],https://i.redd.it/yvuxr95zl6m21.jpg,1552611625.0,66,0.9,95,CasualUK,[deleted]
b18ecs,I am raging.,[deleted],https://i.redd.it/460d4e73l6m21.png,1552611324.0,190,0.97,21,CasualUK,[deleted]
b17dhg,Found in a local chicken shop. I never thought anyone could spell it wrong...,,https://i.redd.it/avz8uy8r36m21.jpg,1552605497.0,117,0.94,28,CasualUK,LordOfTheChumps
b17a5t,TIL that Monster Munch are not claws or feet but actually whole monsters standing upright.,,https://i.redd.it/m22i5u1926m21.jpg,1552604991.0,166,0.94,40,CasualUK,jenbunce
b16toy,My local high Street this afternoon,,https://v.redd.it/s7askyb8v5m21,1552602664.0,158,0.98,31,CasualUK,k90de
b15s0h,RIP Pat Mustard,,https://www.mirror.co.uk/3am/celebrity-news/pat-laffan-dead-father-ted-14136676,1552597466.0,64,0.96,12,CasualUK,WorstCunt
b15pmk,Cheer up F*** Face :),[deleted],https://i.redd.it/8yde62qad5m21.jpg,1552597148.0,55,0.88,27,CasualUK,[deleted]
b15ka4,Proper crisps. Anyone else a fan ...?,,https://i.redd.it/injtdc6qc5m21.jpg,1552596413.0,247,0.94,69,CasualUK,jimjams99
b15bra,Hogwarts students after popping a perc,,https://v.redd.it/qt9knaz695m21,1552595325.0,82,0.89,21,CasualUK,dontufuckingdare
b1581z,Ofsted mincing no words out in Wembley.,,https://imgur.com/dGH727T,1552594746.0,271,0.96,39,CasualUK,[deleted]
b14qrj,The future is here... deep fried mushy peas,,https://i.redd.it/k84bavbp05m21.jpg,1552592418.0,68,0.86,36,CasualUK,Onslow85
b14pce,Fresh creps,,https://i.redd.it/1cyqkhr405m21.png,1552592217.0,205,0.98,22,CasualUK,penchepic
b14fua,Went to visit my Dad for a couple of days and he gave me a ‚Äúgoodie bag‚Äù to take home with me.,,https://i.redd.it/zsx0uc6gw4m21.jpg,1552590933.0,376,0.97,59,CasualUK,pintperson
b144b5,Meanwhile in Manchester,,https://i.redd.it/wccmuyqlr4m21.jpg,1552589347.0,126,0.95,21,CasualUK,disaccharides
b13dui,Richard Hammond makes specific demand whilst filming on set,,https://i.imgur.com/RYmMiEf.jpg,1552585681.0,115,0.95,25,CasualUK,sediment
b12v6k,Can‚Äôt quite workout this cucumbers current emotion.,,https://i.redd.it/wayxvkwg94m21.jpg,1552583203.0,139,0.96,20,CasualUK,J55COT
b12sl1,Found this is Sainsbury's,,https://i.redd.it/cqelctpc84m21.jpg,1552582872.0,66,0.91,51,CasualUK,gamesashp
b126wk,Anyone know what this is? Just found it on the floor of a car and not sure if it's important,,https://imgur.com/UqT8Uu1.jpg,1552579956.0,83,0.98,39,CasualUK,TheCardSaysMoops_
b11wev,Thought I'd struck lucky with free snacks at Waterloo... turns out it's pet food,,https://i.redd.it/3zhqp85jv3m21.jpg,1552578521.0,441,0.99,29,CasualUK,scarletcampion
b11l4c,My favourite place,,https://i.redd.it/x02mc8toq3m21.jpg,1552576891.0,186,0.99,7,CasualUK,SourPissPuss
b11ctz,"I picked some nettles, I‚Äôm making nettle wine and then maybe nettle pesto.",,https://i.redd.it/qrchiub7n3m21.jpg,1552575729.0,64,0.92,41,CasualUK,Trench_Rat
b0zrgq,"At Glasgow Cathedral, evidence of another generation of our most famous dynasty",,https://i.redd.it/kh6yxgv6w2m21.jpg,1552566635.0,136,0.96,4,CasualUK,BerkshireKnight
b0z38i,Found in a school book for English,,https://i.redd.it/9c4sdwwzi2m21.jpg,1552562196.0,12510,0.96,437,CasualUK,Moooow_Montoya
b0yya4,"Playgrounds of Britain: A for scenery, F for everything else",,https://i.redd.it/sihwxdtwf2m21.jpg,1552561257.0,1737,0.99,113,CasualUK,sionnach
b0xh4d,A year ago we lost Stephen Hawking. He inspired a generation,,https://i.redd.it/stl9jow5g1m21.jpg,1552549135.0,465,0.84,19,CasualUK,Funky2Chunky
b0tclq,MISSING!! Grandad is missing in the London area (one on the right) he will respond to Graham! Cheers,,https://i.redd.it/dz8p6sz26zl21.jpg,1552521529.0,134,0.75,10,CasualUK,rcarney12345
b0szrx,(Taken July 2016 05:50) getting up far too early to take someone to the airport has its advantages.,,https://i.redd.it/6rftphfwzyl21.jpg,1552519570.0,70,0.95,6,CasualUK,bexwhitt
b0sqv4,Met a snake by the traffic lights a few nights back,,https://imgur.com/vbl8Nfh,1552518245.0,119,1.0,13,CasualUK,borago_officinalis
b0rolk,When ch4 notice you've got branding on your t-shirt but can't be arsed to film more takes and get you to put it on backwards.,,https://i.redd.it/vmbq9pr3gyl21.jpg,1552512795.0,263,0.98,2,CasualUK,woolygoldfish99
b0qzu4,"An oldish American microwave with a built-in tea setting. I'm very sorry, UK",,https://i.redd.it/v2youxtw5yl21.jpg,1552509371.0,146,0.95,71,CasualUK,[deleted]
b0qsbt,üé∂ You'd better not kill the groove üé∂,,https://i.redd.it/n4m3jomu2yl21.jpg,1552508357.0,467,0.97,18,CasualUK,WraithCadmus
b0qcw2,"My daughter has got into MasterChef and we've been watching it together. Today I made her sausages and mash in a MasterChef style, much to her amusement.",,https://i.redd.it/5jo1j0bnwxl21.jpg,1552506257.0,594,0.97,83,CasualUK,pm_me_ur_scruttocks
b0qb3s,Frequency of different sweets in a ‚ÄòSwizzels Sweetshop Favourites‚Äô tub. Discuss.,[deleted],https://i.redd.it/418on3uyvxl21.jpg,1552506025.0,97,0.99,66,CasualUK,[deleted]
b0p390,14th century building restored to former glory! Droitwich uk,,https://i.redd.it/qqiad20dexl21.jpg,1552500102.0,4276,0.99,195,CasualUK,robe199
b0ojlw,Amazing response,[deleted],https://v.redd.it/h19fxze26xl21,1552497439.0,177,0.94,22,CasualUK,[deleted]
b0nzce,Pigeons keeping warm. Wonder what's going on in that flat?,,https://i.redd.it/36a2mgktxwl21.jpg,1552494537.0,13191,0.98,493,CasualUK,[deleted]
b0nchy,Anyone else fight your mates with one a' these as youngsta's?,,https://i.redd.it/1q83s624owl21.jpg,1552491272.0,466,0.97,32,CasualUK,bevan185
b0n836,Philip Schofield is a National treasure,,https://v.redd.it/ldgz6m44mwl21,1552490623.0,454,0.96,45,CasualUK,rcarney12345
b0n332,Everybody out here talking bout Chungus but we forgetting the real OG,,https://i.redd.it/arglyi7meul21.jpg,1552489856.0,231,0.95,5,CasualUK,XanimalXG
b0msyp,If you go down to the woods today...,,https://i.redd.it/e1uswvf9fwl21.jpg,1552488301.0,68,0.94,15,CasualUK,hirsty19784
b0mimx,I am absolutely intimidated by the size of this unit.,,https://i.redd.it/cy0setgcawl21.jpg,1552486644.0,162,0.93,70,CasualUK,IAmNotStelio
b0m3ki,What's your Verdict?,,https://i.redd.it/fhj8jmfw2wl21.jpg,1552484170.0,239,0.89,108,CasualUK,AdministrativeTrain
b0ljnv,"Yes, one should encourage children to use their imagination but...",,https://i.redd.it/rq2w6tqqsvl21.jpg,1552480853.0,262,0.99,27,CasualUK,mimiwatz
b0li6a,My local CoOp notice board now advertising raves for children.,,https://i.redd.it/klq7pj9csvl21.jpg,1552480587.0,59,0.92,41,CasualUK,kezia7984
b0lfbu,Dont tell me what to do.,,https://i.redd.it/efrccj3wqvl21.jpg,1552480107.0,134,0.97,10,CasualUK,BADGERSAREUNDERRATED
b0joml,Best things about the UK?,"I‚Äôm headed home after 3 years abroad, where I thought I was going to settle. Long story short, didn‚Äôt work out, and cause I‚Äôm a bit bummed to be leaving my current life I thought it might be an idea to get excited about being home instead. 

Food/places/tv/radio... anything that gets your approval! Cheers :)

Edit: that‚Äôs a lot of great stuff, looks like number one in my to do list is go straight to the pub. Thanks for all the responses! ",https://www.reddit.com/r/CasualUK/comments/b0joml/best_things_about_the_uk/,1552466789.0,80,0.96,260,CasualUK,spicedbec
b0j96r,"The tills at my local Sainsbury's now have Alan Carr saying ""unexpected Alan in the bagging area"" and it's even more infuriating than before.",,https://www.reddit.com/r/CasualUK/comments/b0j96r/the_tills_at_my_local_sainsburys_now_have_alan/,1552462891.0,282,0.98,91,CasualUK,maximumponydrive
b0j8bg,Just had a smashing visit to Lake Windermere!,,https://i.redd.it/af4z06q1bul21.jpg,1552462669.0,1047,0.99,64,CasualUK,Scantcobra
b0im6s,Noticed on the drive home that Colnbrook ends in a capital K and it annoys me each time I see it (can't unsee and can't graffiti away)!,,https://i.redd.it/th2iqas5wtl21.jpg,1552457722.0,154,0.98,33,CasualUK,Heideggerismycopilot
b0f83y,Sheffield United fan trips when drop kicking a ball back onto the pitch - to the delight of his mates.,[deleted],https://streamable.com/xq3i4,1552435820.0,173,0.99,5,CasualUK,[deleted]
b0d6uq,Got shared on my timeline,,https://i.redd.it/23gz8d7t7rl21.jpg,1552425257.0,245,0.97,14,CasualUK,vanilla--isis
b0cppe,The Schalke football fans walking past my work in Manchester City Centre this evening! They even stopped for a well organised dance off/chant.,,https://v.redd.it/o0ze21hwzql21,1552422891.0,95,0.93,16,CasualUK,natalieninetales
b0coy7,"To Adam the lNER train operator ‚ÄòIf you feel the need, the need for Leeds, change here‚Äô Cheers for making me chuckle",,https://www.reddit.com/r/CasualUK/comments/b0coy7/to_adam_the_lner_train_operator_if_you_feel_the/,1552422753.0,69,0.93,5,CasualUK,Mww14
b0cits,The London Eye looking good tonight.,,https://i.redd.it/urrqjwuoxql21.jpg,1552421895.0,61,0.86,4,CasualUK,Naples98
b0bxkq,"Picked this leaflet up from Lloyds Bank, had to do a double take...",,https://i.imgur.com/fxUWqmJ.jpg,1552418965.0,138,0.96,35,CasualUK,NullNova
b0bwrr,Chinese anyone?,,https://i.redd.it/4912djhqoql21.jpg,1552418853.0,199,0.98,73,CasualUK,[deleted]
b0bw4c,"Birmingham New Street to London Euston E-ticket departing 20:33 but is available for any Super Off Peak trains today. Don't need it anymore and I can't refund it, maybe someone else can use it.",,https://imgur.com/CYvFtq5,1552418761.0,64,0.94,7,CasualUK,napoleonfucker69
b0bcp8,Newcastle united fan travels 110 miles to shout ‚Äú3-2‚Äù at his Everton supporting friend after Newcastle beat them in the league from 2-0 down.,,https://v.redd.it/hbk0yt33gql21,1552416114.0,3361,0.98,96,CasualUK,chrissypearce92
b0aysk,"I know us Brits love our cheese, but really?",,https://i.redd.it/3vd70t7paql21.jpg,1552414123.0,112,0.98,27,CasualUK,natx3104
b0ants,Text from my sons school. Anyone know where I can find a magician for the afternoon?,,https://i.redd.it/doybvp956ql21.jpg,1552412588.0,318,0.99,44,CasualUK,Navarro89
b0aazs,Grammar Nazis taking matters into their own hands in Leeds,[deleted],https://i.redd.it/cghu5pso0ql21.jpg,1552410758.0,193,0.97,26,CasualUK,[deleted]
b0a7gr,The Prodigy's 'Firestarter' climbing the charts in trivute to Keith Flint,[deleted],https://faroutmagazine.co.uk/the-prodigys-firestarter-climbing-the-charts-in-tribute-to-keith-flint/,1552410273.0,97,0.98,5,CasualUK,[deleted]
b0a4sk,Not sure about the rest of the UK but Derbyshire and Staffordshire are awful,,https://i.redd.it/o7jcrd47ypl21.jpg,1552409915.0,8814,0.93,229,CasualUK,Hayden_Windsor96
b09zfv,I like to amuse myself at work,,https://i.redd.it/v5k0vw60wpl21.jpg,1552409187.0,376,0.96,21,CasualUK,tonimutiny
b09to5,My shipment fron Brazil has arrived. If anyone wants a commemorative plate just let me know. I've got a garage full.,,https://imgur.com/a/H4uvwQI,1552408371.0,115,0.97,24,CasualUK,panicky_in_the_uk
b09jj8,Alan partridge,,https://gfycat.com/completebareclingfish,1552406952.0,93,0.97,16,CasualUK,6dcrgtytc7tddx
b09h3m,This morning,[deleted],https://gfycat.com/FlakyEqualBarasingha,1552406618.0,79,0.85,9,CasualUK,[deleted]
b07wny,"Just got back from the hospital after donating bone marrow, if anyone here fancies helping out, a great company called Anthony Nolan is your place to go.","Feeling pretty chuffed after that in all honesty, I urge you all to at least have a think about signing up, you could save a life, feel free to ask me any questions you may have",https://www.reddit.com/r/CasualUK/comments/b07wny/just_got_back_from_the_hospital_after_donating/,1552398050.0,58,0.89,45,CasualUK,Omelette-Au-Fromage
b07w67,Spotted at Southampton general hospital,,https://i.redd.it/b43vio0oyol21.jpg,1552397968.0,80,0.97,14,CasualUK,Mineral_myco_medic
b07q35,Examples of Marks and Spencer chocolate money. The inscription on real 2p coins changed from 'New Pence' to 'Two Pence' in 1982. The company making these has not updated it's machinery in 37 years.,,https://i.redd.it/27hd0a1yuol21.jpg,1552396926.0,200,0.97,25,CasualUK,Madeline_Basset
b06ofw,"We had to leave the door ajar while we went for lunch, my grandad left this opposite it to warn people off",,https://i.redd.it/k506xjb1bol21.jpg,1552390078.0,114,0.97,16,CasualUK,Herby247
b068uh,The new 50p in honour of Stephen Hawking,,https://imgur.com/TSEi2WW,1552386879.0,9227,0.98,201,CasualUK,E-Step
b064u2,Storm reveals willy-shaped glue on retirement flats in Charles' village,[deleted],https://www.thesun.co.uk/news/8614991/willy-princes-retirement-complex-poundbury/,1552385988.0,77,0.82,22,CasualUK,[deleted]
b05uv2,Inexplicable sights like these make you proud to be British,,https://imgur.com/lNyZH6g,1552383819.0,3782,0.98,112,CasualUK,mojomuller
b05jes,How wet is London compared to Europe,,https://i.redd.it/yzlbu8l3yil21.jpg,1552381102.0,177,0.97,42,CasualUK,FirstWhistle
b057u2,Scarier names than Storm Gareth,[deleted],https://www.reddit.com/r/CasualUK/comments/b057u2/scarier_names_than_storm_gareth/,1552378291.0,191,0.96,100,CasualUK,[deleted]
b02poo,"Saw this and thought it was funny. Didn't know what subreddit to post it in so I googled ""united kingdom memes reddit"" and you lot were the first result.",,https://i.redd.it/jpwp2ngetll21.jpg,1552359919.0,68,0.94,6,CasualUK,wademcgillis
b013kv,My cousins kids school everyone,,https://i.redd.it/c4birs4y0ll21.jpg,1552350309.0,279,0.98,39,CasualUK,british_grapher
azzjs0,When the newspaper is folded just right,,https://i.imgur.com/E0UpkkS.jpg,1552342090.0,158,0.97,16,CasualUK,Handy_Andy
azywwv,When your daughter asks for two platts in her hair,,https://i.redd.it/0p7w8kja3kl21.jpg,1552338987.0,575,0.91,23,CasualUK,lukeajones2001
azyfc1,Local councils are toughening up on treehouses.,[deleted],https://i.redd.it/5p3ozlf8wjl21.jpg,1552336616.0,167,0.96,127,CasualUK,[deleted]
azwe8w,Today I took my first exam in over twenty years. Needless to say I was bricking it. Three hours and a sore writing hand later I am now positive that I have scraped a pass and waiting in the pub for the next bus home.,"I have never written so much in my adult life! 4 questions, and 8 pages of writing ‚úçÔ∏è! 

",https://www.reddit.com/r/CasualUK/comments/azwe8w/today_i_took_my_first_exam_in_over_twenty_years/,1552326655.0,97,0.95,20,CasualUK,Rextherabbit
azvyz2,Getting a rather good tug at the moment.,,https://i.redd.it/mjg0pc46wil21.jpg,1552324486.0,222,0.97,38,CasualUK,crashtacktom
azvxu1,Now that it‚Äôs spring I‚Äòm delighted to be walking home from work.,,https://i.redd.it/n223zlmpvil21.jpg,1552324334.0,269,0.99,89,CasualUK,sptsd
azvhod,As a society we ask too much of stewards already,[deleted],https://v.redd.it/w2pk8fqskil21,1552322045.0,234,0.94,70,CasualUK,[deleted]
azvbt4,Aldi really going there üëÄ,,https://i.redd.it/slyvaeuamil21.png,1552321166.0,10620,0.96,241,CasualUK,[deleted]
azv94y,"We had a rainbow the other morning and our neighbours have a slightly phallic shaped tree,",,http://i.imgur.com/EsprIx8.jpg,1552320781.0,321,0.98,14,CasualUK,Scary_
azv4kv,Ladies on train making crisp sandwiches and drinking wine from Ikea plastic cups. Can‚Äôt decide if this is classic UK or just plain unacceptable,"And by ‚Äòmaking‚Äô I literally mean there‚Äôs a bag of bread, and a multipack of Walkers crisps being used to construct the sandwich on the fold down table. ",https://www.reddit.com/r/CasualUK/comments/azv4kv/ladies_on_train_making_crisp_sandwiches_and/,1552320132.0,168,0.98,53,CasualUK,nejdnsn865
azv0ie,Panorama from Albert doc,,https://i.redd.it/0cl9dowkhil21.jpg,1552319580.0,61,0.93,5,CasualUK,RhysCaz
azup8f,Unpopular Opinion:An average fry up made by someone else tastes better than making your own,,https://www.reddit.com/r/CasualUK/comments/azup8f/unpopular_opinionan_average_fry_up_made_by/,1552317896.0,110,0.92,26,CasualUK,[deleted]
azum7p,Police called to McDonald's as over 30 teenagers gather for organised mass brawl - Wales Online,,https://www.walesonline.co.uk/news/wales-news/police-called-mcdonalds-over-30-15953215,1552317445.0,85,0.95,34,CasualUK,bintasaurus
azuh8w,Proud moment. Make sure you sign up as a blood donor! (Sign up details in comments),,https://i.redd.it/2irxhcnz8il21.jpg,1552316691.0,134,0.95,88,CasualUK,Willyamsss
azu7td,"The amazing, the remarkable, the unmoving M1.",,https://i.redd.it/z5zsltyq4il21.jpg,1552315273.0,231,0.98,56,CasualUK,rizozzy1
azsxj2,My mates dragged me along to the cinema,"There's loads of things that are cheaper and more fun than the cinema. But it's the only time the lads are willing to get together.  

We watched Captain Marvel. Let's just say I'd rather watch my mum put the wheely bins out than watch that again. 

Spent like ¬£20 for the ticket, popcorn and a shake. Could've got 8 kebab meals for that much.  

I tried to convince them to do something else like Ice skating, bowling, go karting or trampoline park. But the only thing that hypes them up enough to meet up is a marvel movie. 

Is there anything else I can convince them to try? Any agony aunts here?",https://www.reddit.com/r/CasualUK/comments/azsxj2/my_mates_dragged_me_along_to_the_cinema/,1552307640.0,51,0.71,107,CasualUK,Ark_Nite
azrpyy,Do you nickname people you see on a regular basis?,[deleted],https://www.reddit.com/r/CasualUK/comments/azrpyy/do_you_nickname_people_you_see_on_a_regular_basis/,1552299258.0,125,0.99,132,CasualUK,[deleted]
azrge3,My son‚Äôs new hobby is editing newspaper headlines,,https://i.redd.it/rzwa7xw1ngl21.jpg,1552297218.0,6844,0.94,115,CasualUK,mackay11
azqyfu,I set myself a challenge: Vegan Pizza from scratch with homemade vegan cheese. Turned out pretty good!,,https://i.redd.it/pmg8iyjpagl21.jpg,1552293117.0,106,0.7,132,CasualUK,benanderson89
azm48i,Old Meets New,,https://i.redd.it/cx9bl7lvndl21.jpg,1552261228.0,146,0.99,5,CasualUK,[deleted]
azlhdc,Yank here. What do you guys think of my novice Yorkshire puddings? Developed a love of them when I lived in Britain for a time whilst in college. Tbh I almost set my oven on fire because the lard ( is that right? Fill halfway with lard??) overflowed and was flaming up üò≥,,https://i.redd.it/lnaiess3ddl21.jpg,1552257553.0,193,0.92,137,CasualUK,[deleted]
azlab6,I guess we won't go that way then,[deleted],https://i.redd.it/ymsaze3w9dl21.jpg,1552256477.0,81,0.98,31,CasualUK,[deleted]
azkwbg,Ahh Glasgow you never fail to amaze me.,,https://i.gyazo.com/def43058ae29dddc29aeb5aeae091360.jpg,1552254406.0,4916,0.98,111,CasualUK,[deleted]
azkapl,Have you heard the wind!,,https://i.redd.it/0fh9jdvbucl21.jpg,1552251224.0,7462,0.98,166,CasualUK,Redditallbefore123
azjr48,"Car boot season is just around the corner, nothing better than being hungover on a Sunday morning eating a egg and bacon barm looking at other people's shite.",,https://www.reddit.com/r/CasualUK/comments/azjr48/car_boot_season_is_just_around_the_corner_nothing/,1552248370.0,218,0.97,90,CasualUK,[deleted]
azjcdu,not sure what the stage lights at nan's retirement home have done to upset everyone!,,https://i.redd.it/9wj3b6qkfcl21.jpg,1552246264.0,154,0.99,12,CasualUK,rw43
azj1so,Rampant Rabbit (Asda special),,https://i.redd.it/w8gjwfxuacl21.jpg,1552244677.0,242,0.99,7,CasualUK,rmacd
azj1id,Just saw a guy heading home after his shift as Pikachu,,https://imgur.com/f0QvHqZ,1552244632.0,1348,0.99,42,CasualUK,nonexcludable
azi2qf,The prosecco obsession is getting out of hand.(Bonus Vegan Friendly),,https://i.redd.it/bx2fzfs4vbl21.jpg,1552239450.0,67,0.94,17,CasualUK,BaconnaiseBonanza
azhy7b,Stunning views of London on a rather bumpy approach into Heathrow this morning. (No zoom: iPhone XS),,https://i.redd.it/e5nfu8e8tbl21.jpg,1552238753.0,588,0.95,66,CasualUK,br_dley
azhvi1,Looks like the high tide has unearthed prehistoric remnants of the Flintstones car! (Morfa Conwy),,https://i.redd.it/hn9qfrnyrbl21.jpg,1552238327.0,122,0.99,9,CasualUK,DominoLeBroque
azgyde,Thanks to Chester Zoo for this nightmare fuel.....,,https://imgur.com/q04rygk.jpg,1552233118.0,760,0.99,60,CasualUK,dirtysantchez
azgt24,Getting ready to show my ID when I check out with my cheese...,,https://i.redd.it/eieh2j1v9bl21.jpg,1552232236.0,234,0.98,22,CasualUK,alexgreyhead
azft0n,She might have broadband but she hasn‚Äôt got the plumbing sorted. Did she fill the bath up with a bucket?,,https://i.redd.it/vd9d6kblqal21.jpg,1552225756.0,122,0.99,25,CasualUK,lodge28
azfmmy,You know what? Hot chocolate is great,"I popped to Greggs and it's pleasantly surprising to find a nice hot chocolate. The lasses that work in the branch where I get my lunch are awesome. Normally I drink tea because, obviously, I'm addicted to it, but I've had a run in with a thief at work so thought I'd treat myself to some sugar. I'm impressed and cheered by my chocolatey hot bevvy.

Other northern bakeries are available. I'm not an advert because honestly?? Fuck the cheese savoury stottie.",https://www.reddit.com/r/CasualUK/comments/azfmmy/you_know_what_hot_chocolate_is_great/,1552224412.0,66,0.93,60,CasualUK,HuntedRoad
azfjs9,"It‚Äôs me again, back with the sea glass! I found some driftwood too and this weird piece of thick cable",,https://i.redd.it/uoipuuuvkal21.jpg,1552223837.0,258,0.97,40,CasualUK,leathervelvet
azffrr,"I feel like I've now mastered the Yorkshire pudding. It's Sunday, chaps. Share your roast pics.",,https://i.imgur.com/LcdHKdI.jpg,1552223007.0,110,0.94,41,CasualUK,aBeardOfBees
azf8el,"England : Holy shit it's fueken snowing , * England a few hours later*",,https://i.redd.it/x1py17y8dal21.jpg,1552221275.0,106,0.98,12,CasualUK,zxnx3
azf6x8,Fatties breakfast.,,https://i.redd.it/x93yw5d4cal21.jpg,1552220892.0,137,0.96,28,CasualUK,stewies_minion
azetnd,The price of this hummus,[deleted],https://i.imgur.com/Rc2Qwwv.jpg,1552217438.0,316,0.97,62,CasualUK,[deleted]
azet6k,"""Back in my day we didn't playstations, we had proper fun playing outside, kids these days..."" Meanwhile on every street in the UK",,https://i.redd.it/pw5w3hdf1al21.jpg,1552217311.0,965,0.98,95,CasualUK,PoliticllyDmotivated
azedyg,So it's been a bit windy in Kent today,,https://i.imgur.com/q2aFyRY.jpg,1552213112.0,512,0.98,54,CasualUK,Emmsii
azeaik,"Hurrah, winter is back!",,https://i.redd.it/4pe21b67m9l21.jpg,1552212173.0,9798,0.95,302,CasualUK,pistrel
azd16m,It‚Äôs been so long since I‚Äôve seen snow my first thought was ‚Äúthat‚Äôs odd looking rain‚Äù,,https://v.redd.it/btckisx4k8l21,1552199419.0,161,0.95,29,CasualUK,Mongolian_Christian
azb61i,Proof that it can be nice in Halifax (Ovenden Moor),,https://imgur.com/alaADj9,1552185097.0,94,0.99,12,CasualUK,carvott
az9bei,Anyone else weirded out by irl Americans?,[deleted],https://www.reddit.com/r/CasualUK/comments/az9bei/anyone_else_weirded_out_by_irl_americans/,1552172670.0,229,0.96,138,CasualUK,[deleted]
az8rtw,These toilets are BRUTAL,,https://imgur.com/IEBY0LR,1552169396.0,110,0.85,40,CasualUK,chemicista
az7y26,My local chinese still has the 2007 smoking ban posters up.,,https://i.redd.it/0p9brqguo5l21.jpg,1552164687.0,580,1.0,33,CasualUK,Sam596
az72qw,Facebook Marketplace picks üçÜ,,https://i.redd.it/mamffbi5a5l21.jpg,1552159692.0,239,0.98,16,CasualUK,bethycg
az6twm,"As promised earlier, here is a horribly edited picture of my incredibly mediocre ""Slow-cooked beef ragu with gnocchi""",,https://i.redd.it/rj6s4ifo55l21.jpg,1552158258.0,67,0.91,29,CasualUK,MellotronSymphony
az6ggq,The baker must have been a bit peckish,,https://i.imgur.com/vSKTfXi.jpg,1552156187.0,79,0.96,17,CasualUK,capital-sneeze
az6emc,"Returned to a national treasure, the clotted cream is one to plot on the map",,https://i.redd.it/40g73m1sy4l21.jpg,1552155900.0,230,0.99,22,CasualUK,TheBurgerKftLettuce
az63ww,"One of the funniest episodes of bake-off I‚Äôve ever seen but man, the true cancer story in the middle is heartbreaking. Donated all my spare pennies.",[deleted],https://i.redd.it/pr28vlrzt4l21.jpg,1552154258.0,68,0.88,25,CasualUK,[deleted]
az54so,First world issues üòß,[deleted],https://i.redd.it/fbbjk9ngd4l21.jpg,1552148697.0,67,0.95,19,CasualUK,[deleted]
az4u45,Look who I found sitting all cozy and that in their ¬£65 vintage chair,[deleted],https://i.redd.it/ynmdzt6984l21.jpg,1552146951.0,255,0.99,33,CasualUK,[deleted]
az4qjb,Please keep your long thing clear of the doors,,https://i.redd.it/wqwww4eb64l21.jpg,1552146335.0,173,0.93,2,CasualUK,alwye
az4qb7,"Nothing to see, just a frog riding a fish.",,https://i.imgur.com/vFRbHQb.jpg,1552146297.0,103,0.97,10,CasualUK,Fragilezim
az4jzz,10/10 experience in Cambridge,,https://v.redd.it/yt2q9p6034l21,1552145212.0,205,0.99,21,CasualUK,[deleted]
az3xyh,Mr Bean is on Netflix and they've translated the Latin choir intro...,,https://v.redd.it/8pzwtuj8r3l21,1552141272.0,1090,0.99,64,CasualUK,baodur086
az3nar,Where am I?,,https://imgur.com/9dMVvxM,1552139214.0,58,0.93,26,CasualUK,jailb
az3aiw,This bar still has the old Orange adverts from 10+ years ago in their toilets,,https://i.redd.it/4sb1cn8dd3l21.jpg,1552136626.0,377,0.99,44,CasualUK,BaconDblCheesebrger
az3a6t,"Don't know if they're new but the Branston beans and sausages are really good, proper substance to the sausages.",Also Heinz vs Branston debate thread. Branston gang rise up.,https://www.reddit.com/r/CasualUK/comments/az3a6t/dont_know_if_theyre_new_but_the_branston_beans/,1552136556.0,56,0.95,35,CasualUK,Wopitikitotengo
az2u23,Ticket from London terminals to Oxford for today left on top of the marked ticket machine in London Paddington in case anyone wants it. Hope this is the right place to post. Sorry if not.,,https://i.redd.it/n3wd1s4u23l21.jpg,1552133019.0,223,0.95,12,CasualUK,[deleted]
az2rtl,"Some people dig up their gardens and find the remains of long buried pets, time capsules buried by hopeful kids from the past or even unexplored bombs...we find a sodding Radiator!",,https://i.redd.it/bb305lh913l21.jpg,1552132524.0,1013,0.99,103,CasualUK,[deleted]
az2man,Vansky at it again.,,https://imgur.com/QKfortW.jpg,1552131181.0,89,0.95,13,CasualUK,featurenotabug
az1t5q,Thought this would go down well here,,https://i.redd.it/mdm86n6nl0l21.jpg,1552124097.0,1130,0.97,19,CasualUK,Cartsem
az15yl,Good old digbeth,,https://i.redd.it/537hpgibu1l21.jpg,1552118047.0,1672,0.99,41,CasualUK,[deleted]
aywxhg,I‚Äôm just not fast enough yet,[deleted],https://i.redd.it/smgy4xadczk21.jpg,1552087795.0,346,0.99,24,CasualUK,[deleted]
ayvfqc,"It was cartoon dress-up day at work, so we went as characters from Recess!",,https://i.redd.it/oub9utp7oyk21.jpg,1552079751.0,4584,0.96,109,CasualUK,[deleted]
ayvdse,A mildly interesting thing! My local pub is older than America. Who‚Äôs got an older local than me? Ps it‚Äôs always been a pub.,,https://i.redd.it/rbouvyblnyk21.jpg,1552079463.0,353,0.98,162,CasualUK,tinlid5171
ayuqe6,"The BBC aired a pretty weird technical / editing blooper in last night's ""The Parkinson's Drug Trial"" episode",[deleted],https://i.imgur.com/XSKWM6u.png,1552075935.0,66,0.95,12,CasualUK,[deleted]
aytstt,"Erm, that isn‚Äôt the Bury I‚Äôm looking for Apple Maps",,https://i.redd.it/ns072kzjyxk21.jpg,1552071058.0,111,0.98,13,CasualUK,idlewildgirl
aytdao,"Has the NHS implemented this in all hospitals, or just in Bristol?",,https://i.redd.it/8zjvflrwrxk21.jpg,1552068810.0,309,0.98,24,CasualUK,dartmoorninja
aysms2,"""Stick up my minge""",,https://youtu.be/af39bUuhnIA,1552064951.0,73,0.94,6,CasualUK,Handsome_BWonderful
aysmeg,This guy on my train decided he needed to make a tuna sandwich there and then.,,https://v.redd.it/mx8uoo38gxk21,1552064920.0,222,0.98,43,CasualUK,rich454
ayslg4,Absolutely creased yesterday morning reading the Echo,,https://i.redd.it/j8nr2gzsfxk21.jpg,1552064768.0,100,1.0,24,CasualUK,TheFinalWordPodcast
aysf0r,leeds,[deleted],https://i.redd.it/0pcfe8x1dxk21.jpg,1552063832.0,95,0.93,15,CasualUK,[deleted]
ays7ch,Hats off to the lady on the M25 who drove 3/4s onto the hard shoulder to block the people using it as a lane to get ahead,There was only like 50ft before they all turned left anyway but I strive for that level of pedantic - the smirk on her face knowing it‚Äôs unnecessary and the defeated look of the woman who got blocked was priceless. ,https://www.reddit.com/r/CasualUK/comments/ays7ch/hats_off_to_the_lady_on_the_m25_who_drove_34s/,1552062707.0,81,0.94,18,CasualUK,TartanGiraffe
ays5qw,Exploring WWII Bunkers on Jersey,,https://i.redd.it/d091y5f29xk21.jpg,1552062472.0,119,0.98,27,CasualUK,ldmosel
ayrv4l,Look how they've massacred my boy,,https://i.redd.it/nmqsetwd4xk21.png,1552060897.0,485,0.98,20,CasualUK,murph_murphy
ayrrdj,For that person who‚Äôs ‚Äòhard to buy for‚Äô...,,https://i.redd.it/aawuq13p2xk21.jpg,1552060333.0,194,0.98,25,CasualUK,brinsfordale
ayril2,This cushion shaped like a Cornish Pasty,,https://i.redd.it/c2lg08mwwwk21.jpg,1552059023.0,75,0.95,20,CasualUK,[deleted]
ayqzpo,I made Scotch eggs!,,https://imgur.com/gallery/i4cOFVH,1552056009.0,93,0.94,32,CasualUK,[deleted]
ayq2im,This absolute legend in a Jag picked me up hitchhiking and drove me to Bristol in style!,[deleted],https://imgur.com/mJOMVpc.jpg,1552050406.0,238,0.9,80,CasualUK,[deleted]
aypgv0,Yellowhammer spotted during a brief sunny spell.,,https://imgur.com/rdZakBK,1552046367.0,212,1.0,24,CasualUK,Radwaymm
ayoupo,Have we learned NOTHING?!,,https://i.redd.it/owr1phxoivk21.jpg,1552041506.0,539,0.99,40,CasualUK,thiscakeissmashed
ayolcy,"PSA: if it is raining and you have to put your wipers on, please put your headlights on as well.","If you‚Äôre struggling to see and therefore have to use your windshield wipers, it‚Äôs likely other road users also are struggling to see. Helping people see you and vice versa makes it safer for everyone. ",https://www.reddit.com/r/CasualUK/comments/ayolcy/psa_if_it_is_raining_and_you_have_to_put_your/,1552039370.0,133,0.96,53,CasualUK,MatthewM-T
ayobcl,The Problem with these things is they never taste as good as they smell,,https://i.redd.it/ppfz0sk75vk21.jpg,1552036988.0,195,0.97,51,CasualUK,TKD_NERD
ayo5gj,"Weekly Pub Quiz #74: Five questions on Disney classics with an assortment of other topics alongside, see how you find it! Answers in the comments, as always. I am under the weather with a nasty cold, but I am off work today so the quiz rolls on! Good luck all, and have a great weekend.",,https://imgur.com/a/sYZFbzS,1552035556.0,57,0.96,92,CasualUK,Kerigorrical
ayo0e4,If you're in dying need of some DJ services,,https://imgur.com/5Et6cXz.jpg,1552034274.0,10057,0.96,235,CasualUK,M_U_I_R
aynx8e,"Happy International Women‚Äôs Day, r/CasualUK! Here‚Äôs a list of events taking place across the UK.",,https://www.independent.co.uk/life-style/women/international-womens-day-2019-iwd-feminist-events-exhibitions-march-a8811591.html,1552033442.0,90,0.76,54,CasualUK,abighazard
aynx27,"HSBC targeted add wide of the mark, not even the same county!",,https://imgur.com/nyoGAT1,1552033393.0,378,0.98,87,CasualUK,lachiendupape
aynrcj,This should be illegal,[deleted],https://i.redd.it/midgtk6fquk21.jpg,1552032017.0,417,0.95,50,CasualUK,[deleted]
ayk96z,What happens when the North and South come together,,https://v.redd.it/kmgbh4hxqrk21,1552007133.0,1327,0.99,93,CasualUK,MephistophilisFaust
ayio5c,"My school report for Year 10, 2004. GCSE French. Classic.",[deleted],https://i.redd.it/5u85glz8xrk21.jpg,1551997968.0,309,0.95,85,CasualUK,[deleted]
ayi6lp,Clear skies in North East England tonight.,,https://i.redd.it/9io1v3edprk21.jpg,1551995312.0,83,0.97,27,CasualUK,louisenufc
ayh623,Who says British nightlife is dead?,,https://i.redd.it/vvfyiw9d9rk21.jpg,1551989935.0,181,0.98,25,CasualUK,millimallow
aygrle,My friends home made costume for her granddaughter - World Book Day. Cheese touch!,[deleted],https://i.redd.it/pd2z08053rk21.jpg,1551987839.0,308,0.97,15,CasualUK,[deleted]
ayfxii,Muddy marvelous,,https://imgur.com/hrghVfA,1551983537.0,64,0.96,5,CasualUK,eddorado
ayfrr5,"Argos, a pleasure to read as always",,https://i.imgur.com/RUjoJwz.jpg,1551982713.0,244,0.96,23,CasualUK,steven0451
ayff71,Scaffolding collapse next to the royal free hospital today,,https://i.redd.it/vx8uctlkiqk21.jpg,1551980955.0,123,0.99,44,CasualUK,GrouchyMeasurement
ayfdqc,Every so often I'm walking down the street and I see something that subtly reminds me of last summer's World Cup.,,https://imgur.com/Xo3BoQh,1551980744.0,1841,0.99,99,CasualUK,Fight_Milk92
ayf0qj,Post is looking pretty in pink!,,https://i.redd.it/f016c7ancqk21.jpg,1551978930.0,82,0.94,16,CasualUK,Vixichick
ayeq6j,Just read a book called freakanomics and it got me thinking. If prostitution was a normal 9-5 job in the uk this is roughly what the earnings would look like!,[deleted],https://i.redd.it/fb2tjiga8qk21.jpg,1551977467.0,50,0.91,70,CasualUK,[deleted]
ayeezz,Not they way a true British hero should have gone. F,[deleted],https://i.redd.it/7f1ntwkipok21.jpg,1551975852.0,118,0.96,23,CasualUK,[deleted]
aye472,Heartfelt obituary in the Scunthorpe Telegraph,,https://i.redd.it/ofgv49mvypk21.jpg,1551974297.0,692,0.99,34,CasualUK,Sweeting_Thorns
aycsof,Does anyone remember when Tesco invaded Denmark in 2013?,,https://www.youtube.com/watch?v=0PSyiRXIEyc,1551966540.0,64,0.98,12,CasualUK,HandwrittenHysteria
ayc49a,Top four most expensive things by weight.,,https://i.redd.it/6m9mjiqwxok21.jpg,1551961863.0,4511,0.99,191,CasualUK,RobloxPornAccount
ayb11m,Made the commute a little less boring,,https://i.redd.it/x2mh9px18ok21.jpg,1551953171.0,557,0.96,25,CasualUK,DonkeyBrainsFrank
ayauko,A local landmark,,https://i.redd.it/c24hec6g3ok21.jpg,1551951620.0,53,0.88,4,CasualUK,TopMurph
ayahyu,this video üò≠,,https://www.youtube.com/watch?v=omPdemwaNzQ,1551948458.0,60,0.85,14,CasualUK,lucozadeuk
aya6qt,What are you reading? - World Book Day edition,"It's World Book Day today, so never mind the kids and their costumes, what are you reading and what do you think of it?

I was off sick yesterday and read *The Silent Companions* by Laura Purcell. It's a sort of psychological gothic horror thing. The main action is set in 1865, and features a pregnant woman, Elsie, newly widowed and sent to her husband's ancestral home with his cousin to bury him and mourn. They discover a silent companion, a 3D effect life-sized painted figure made of wood, which unsettles Elsie. There's a frame story set sometime later in an asylum so we know it doesn't end well for her, and a diary from 1635 which sheds some light on the reason for what happens.

It's got major *The Turn of the Screw* vibes, and Elsie is a sympathetic character. The writing style of the 1635 diary takes a little while to find its feet, but I liked the idea of the psychiatrist getting Elsie to write her story in third person and Purcell never slips up and tells us something Elsie couldn't know; the resulting narrative is consuming but makes it easier to question Elsie's sanity. The only character that felt a bit flat was the psychiatrist; I felt we could've got a bit more of him becoming absorbed in Elsie's story, although I did come to this off the back of Margaret Atwood's *Alias Grace*, another suspected insane murderess telling her side of the story. All in all I really enjoyed it, even though the genre isn't usually my thing.",https://www.reddit.com/r/CasualUK/comments/aya6qt/what_are_you_reading_world_book_day_edition/,1551945507.0,52,0.93,264,CasualUK,satanspanties
aya3y2,A little jolly boat with an excellent name on the beach at Robin Hood's Bay.,,https://i.imgur.com/DuKWCZY.jpg,1551944795.0,151,0.99,8,CasualUK,President-Nulagi
aya018,Toytown London,,https://i.redd.it/2e8ltipagnk21.jpg,1551943845.0,356,0.96,22,CasualUK,vbloke
ay9p2q,Shit it's getting light.,,https://www.reddit.com/r/CasualUK/comments/ay9p2q/shit_its_getting_light/,1551941395.0,65,0.93,55,CasualUK,[deleted]
ay4sto,"UK Uni students, you have most of the BBC/ITV/C4/FIVE archive available to you..","So I found this thing that most UK universities are subscribed to called Box of Broadcasts which holds an enormous collection of UK TV broadcasts starting from the 90's. It seems to be a site that ripped the broadcasts and archived them but it's all available to watch. There's about 500,000 odd videos on there, by far the best online streaming site for tv i've come across.

https://learningonscreen.ac.uk/ondemand

For instance i've found the apprentice series from 2008:

https://gyazo.com/a702ba77b9776a2acabd481821d8e3c7

https://i.gyazo.com/d63feaf38f03fc97ca0c567708b7643e.png

There are many shows that the BBC/ITV/C4 that are impossible to watch anymore due them being removed from their streaming sites. If anyone wants me to find any specific things for them, let me know. It is quite sad that we as TV licence payers aren't entitled to this, but that's just how it is.",https://www.reddit.com/r/CasualUK/comments/ay4sto/uk_uni_students_you_have_most_of_the_bbcitvc4five/,1551910673.0,77,0.98,30,CasualUK,Pidjesus
ay4azy,Sean Lock everyone..,,https://v.redd.it/4cfhcmn5rhk21,1551908148.0,251,0.99,26,CasualUK,red23dotme
ay46jk,It seems Co-op meant build one burger,,https://i.redd.it/budvhwwbgkk21.jpg,1551907528.0,113,0.98,8,CasualUK,FactuallyInadequate
ay46cm,Can anyone lend me ¬£1069.81 and some batteries please?,,https://i.redd.it/nat0eg0qfkk21.jpg,1551907505.0,449,1.0,88,CasualUK,[deleted]
ay3vre,"Lol, these hoodies.",,https://i.redd.it/veccsk5xbkk21.jpg,1551906042.0,218,0.98,52,CasualUK,samudam
ay3dab,My local has gone to the dogs,,https://imgur.com/rcyRcpV,1551903420.0,217,0.99,14,CasualUK,funkyjim
ay3afu,"Wee Ronnie was diagnosed with diabetes and wanted to give back to his local hospital (Airedale), so he raised ¬£600 to buy two Switches and we threw in another two!",[deleted],https://i.redd.it/ovzb1hgr2kk21.jpg,1551903009.0,527,0.96,21,CasualUK,[deleted]
ay2y8z,"Went to Snowdon for last weekend's heatwave, took probably the best photo I'll ever take",,https://i.imgur.com/RHm0eLl.jpg,1551901281.0,1610,0.99,48,CasualUK,the0rthopaedicsurgeo
ay2oti,Why are these not standard is every British office,,https://i.redd.it/wzr463a9aik21.jpg,1551899947.0,185,0.98,16,CasualUK,emailrob
ay29du,Any UK film or tv recs for someone in a depressive slump?,"I was wondering if anyone had any recommendations for films or tv shows that make them feel at home or maybe remind them of growing up in Britain. I am going through quite a bad bout of depression and disassociation, and for my downtime I find it really helps to watch things that I find recognisable? I struggle to feel real sometimes watching American shows or anything too overproduced kind of makes that feeling worse.  I usually go for the I.T Crowd and the Inbetweeners, things like that.  
Really weird request, sorry about that. Even just one reply would be really nice. Thanks",https://www.reddit.com/r/CasualUK/comments/ay29du/any_uk_film_or_tv_recs_for_someone_in_a/,1551897735.0,53,0.9,112,CasualUK,bubblebox360
ay1x3q,The AA has been struck by budget cuts,[deleted],https://i.redd.it/77ak9ba0ijk21.jpg,1551895984.0,172,0.97,9,CasualUK,[deleted]
ay1t2j,"It really doesn‚Äôt matter if you‚Äôre a man or woman, straight or gay, black or white, we can all agree on one thing! Anybody who takes the low offer is a bellend.",,https://i.redd.it/x2itt8b9gjk21.jpg,1551895393.0,142,0.96,47,CasualUK,balaban86
ay1kh8,Sound advice from Google,,https://i.redd.it/l2st73cpcjk21.jpg,1551894197.0,311,1.0,2,CasualUK,AndyM_LVB
ay1ac0,Thanks for parking so close,,https://i.redd.it/htrd416f8jk21.jpg,1551892759.0,95,0.92,19,CasualUK,[deleted]
axzxg4,To me...,,https://i.redd.it/qtriew5wmik21.jpg,1551885523.0,83,0.96,9,CasualUK,IanOverkill
axzbx2,"Man uses The Wright Stuff phone in to call his ex a bitch, multiple times",[deleted],https://youtu.be/IzEAGCCujnE,1551882057.0,128,0.96,31,CasualUK,[deleted]
axz0l0,Has anyone else tried these and your brain go weird because it‚Äôs expecting flavour?...,,https://i.redd.it/6kbjr81x6ik21.jpg,1551880152.0,360,0.97,94,CasualUK,ThatSprintingGuy
axytth,Strange drinks offer for Mother's Day at my local,,https://i.redd.it/yvf9682a3ik21.png,1551878944.0,149,0.98,18,CasualUK,kidneybeaner
axyr0r,Can we have these in Wetherspoons where you can pay a certain amount for unlimited beer?,,https://v.redd.it/unz1d87tr7k21,1551878454.0,122,0.95,65,CasualUK,Sir_Ingsby
axxown,Police about to bust you? Better find another exit.,,https://www.chad.co.uk/read-this/video-incredible-moment-man-bursts-through-roof-police/,1551870717.0,57,0.95,20,CasualUK,CatDeeleysLeftNipple
axwv1q,UK Wife Carrying Championships 2019,,https://www.youtube.com/attribution_link?a=taCxjGCUNLk&amp;u=%2Fwatch%3Fv%3Dbkaal8j0T4I%26feature%3Dshare,1551863604.0,178,0.96,39,CasualUK,nickstreet36
axt27b,Liam Dutton (Weatherman) correcting the Daily Mirror‚Äôs click-bait weather forecast on Twitter.,,https://i.redd.it/t0frid3qjek21.jpg,1551836156.0,1567,1.0,46,CasualUK,itsaride
axrsqj,I'm surprised people dont die at this ball game every year,,https://youtu.be/nMVEkB5wZxk,1551828482.0,62,0.94,34,CasualUK,Au_rai
axrc6x,Blackpool Tram DVD and chill?,,https://i.redd.it/6c4438bopdk21.jpg,1551825919.0,190,0.98,20,CasualUK,allthekos
axq9hv,"Bus set on fire while aboard, Smoke filled the cabin in seconds! A friend commented ""Keith Flint Lives On"" #Firestarter üî•#RIPKeith #Prodigy",,https://i.redd.it/ahz58p6m8dk21.jpg,1551820184.0,50,0.85,10,CasualUK,mrbeardo4200
axq6yh,Fascinating interview with OAP on what the internet was like in the 1950s.,,https://www.youtube.com/watch?v=oZ15EdEOncc,1551819816.0,51,0.95,19,CasualUK,[deleted]
axq6ag,It's not even funny how many levels this monstrosity is wrong on. Nothing good comes out of Skegness.,,https://imgur.com/HDVWSGc.jpg,1551819724.0,305,0.99,77,CasualUK,26326312
axpq2a,What is everybody pretending to give up for lent this year?,"Maybe we should give up on polit*cs, even outside of r/casualuk. Could do with it.",https://www.reddit.com/r/CasualUK/comments/axpq2a/what_is_everybody_pretending_to_give_up_for_lent/,1551817324.0,58,0.91,84,CasualUK,PanningForSalt
axpbvc,Loving the replies. Britannia rules the... fire extinguishers?,[deleted],https://i.redd.it/qeli4j9utck21.png,1551815236.0,88,0.97,10,CasualUK,[deleted]
axoq6g,The view on my slightly drunken way home right now.,[deleted],https://i.redd.it/1pxg21elkck21.jpg,1551812104.0,277,0.97,34,CasualUK,[deleted]
axnsi1,Policing IOM style,,https://i.redd.it/v2fsxg7b6ck21.jpg,1551807299.0,561,1.0,82,CasualUK,DollyDaydreem
axmap0,PizzaExpress menu from 1997,,https://i.redd.it/vbwyiq2xibk21.jpg,1551799435.0,150,0.95,92,CasualUK,Bret_Riverboat
axlq4i,"This tree is on the outskirts of my hometown. Apparently, a schoolboy first painted it in the 70's, and since then residents of the town have taken it upon themselves to keep it touched up as and when needed. It now even has its own facebook page.",[deleted],https://i.redd.it/t74fn2we8bk21.jpg,1551796088.0,206,0.99,19,CasualUK,[deleted]
axlpjh,It's happening again! Another room with a shower,,https://lid.zoocdn.com/645/430/5577741d9f8679201f252bb55222c65e8207e7f4.jpg,1551795984.0,122,0.98,62,CasualUK,dipitinmayo
axlgzs,Just drying out the ol‚Äô gimp suit,,https://i.redd.it/s7fh2bza4bk21.jpg,1551794518.0,174,0.95,13,CasualUK,Smeggzilla
axlaln,There is Currently 14 Tracks from The Prodigy in the Top 100,"I think there is no better tribute to Keith if we get 10 Prodigy Tracks in the Top 10.

Firestarter -  4th

Breath - 8th

Smack My Bitch Up 15th

Out of Space 20th

&amp;#x200B;

and so on

Well done Britain",https://www.reddit.com/r/CasualUK/comments/axlaln/there_is_currently_14_tracks_from_the_prodigy_in/,1551793434.0,176,0.99,42,CasualUK,AntiSocialMackerel
axl7ql,The most British gift card you can get,,https://v.redd.it/5ffh7edgzak21,1551792931.0,165,0.91,29,CasualUK,LoopZoopHD
axkjrw,Well it would solve the ageing population issues...,,https://v.redd.it/7vvy8ff3mak21,1551788453.0,264,0.95,18,CasualUK,Titanclass
axkb42,This bus stop has a bounty on its head,,https://i.redd.it/y7hqrgazgak21.jpg,1551786676.0,26518,0.9,426,CasualUK,dts-thots_17
axk0u0,Saw that new train again! I‚Äôd love to be there when they remove the covers just to get a whiff of what a new train smells,[deleted],https://v.redd.it/7z6me057aak21,1551784465.0,71,0.94,18,CasualUK,[deleted]
axj0ig,Witnessed a cyclist put his Greggs coffee into his water bottle holder this morning. God speed,,https://i.redd.it/t9szkfpuk9k21.jpg,1551775871.0,194,0.94,23,CasualUK,[deleted]
axiwnh,Remember that time Prodigy's Keith went to a camping shop? Top bloke.,,https://www.youtube.com/watch?v=QChGuXjD9hw,1551774871.0,323,0.99,28,CasualUK,majorbanter
axeruo,This friendly little Robin flew into my house earlier today üíï,,https://i.redd.it/uyy1gpxj57k21.jpg,1551746528.0,132,0.99,14,CasualUK,crazycockerels
axdtut,Aberdeenshire Animals soothed after mascara brush appeal.,,https://www.bbc.co.uk/news/uk-scotland-north-east-orkney-shetland-47440260,1551741135.0,55,1.0,4,CasualUK,tmstms
axdse3,How to get to the gym in Streatham,,https://i.redd.it/30mwj1xvo6k21.jpg,1551740920.0,81,0.91,7,CasualUK,Dirtysheena
axdeob,James Blunt on Keith Flint being an absolute legend. RIP,,https://imgur.com/NLBF0I5,1551738889.0,2159,0.99,237,CasualUK,EddieRobertson
axdcpq,Hinckley Police need to check their tweets before posting,,https://i.redd.it/0b8gvog1i6k21.jpg,1551738603.0,148,0.98,29,CasualUK,[deleted]
axd812,Clearing tables in my pub and I *ahem* came across this nicley folded copy of the Daily Telegraph Sport...,,https://i.redd.it/9y8on05yf6k21.jpg,1551737924.0,120,0.98,13,CasualUK,patch_e_behr
axbzjf,James May‚Äôs antics,,https://v.redd.it/1gmtzcsbx5k21,1551731660.0,418,0.97,41,CasualUK,AidanMcJ
axapxa,And the award for spiciest sausage goes to ......,,https://i.redd.it/7du2x8fne5k21.jpg,1551725358.0,98,0.98,36,CasualUK,TheBadgersNadgers
axank8,"Ten reasons why pancake day is the very best ""holiday""","1. You're not expected to go and see your family for it.

2. Even if you go all out, it's still not likely to cost you more than a tenner.

3. Pancakes taste amazing.
 
4. You can abuse everyone for making crap pancakes

5. Valid excuse to have pudding for tea.

6. You can pour sugar on pancakes and no-one will judge you.

7. The nostalgia of remembering crap school pancakes. 

8. It means easters coming where you can be a fat pig again. 

9. You don't even have to make your own batter anymore.

10. Because without a doubt, the first one is always shit. 


Hope you enjoyed my comprehensive list, considering putting a change.org petition up to make it a bank holiday TBH. ",https://www.reddit.com/r/CasualUK/comments/axank8/ten_reasons_why_pancake_day_is_the_very_best/,1551725041.0,210,0.98,63,CasualUK,Vinegar_Strokezz
axa4kh,"Flipping heck, The Chase, too soon",,https://imgur.com/qUWRhjU,1551722451.0,12871,0.94,213,CasualUK,alexanderjward
axa369,"I was blessed with this view from my local last summer - Green St Green, Orpington",,https://i.redd.it/7crlvpdd55k21.jpg,1551722268.0,64,0.98,15,CasualUK,Green_destiny
ax9tn3,There are peacocks living at our local tip/dump in the UK,,https://i.redd.it/fx1mfwdqx4k21.jpg,1551720963.0,202,1.0,26,CasualUK,Dudleydacat
ax9kb7,Grindr proud to open first retail location in Wokingham,,https://i.redd.it/kbfxqg2tx4k21.jpg,1551719692.0,529,0.99,39,CasualUK,kramit
ax8nn9,A story from James Acaster's most recent standup tour. I can't stop laughing. This could only happen to him.,,https://i.redd.it/dpmbmfz9k4k21.jpg,1551715154.0,137,0.91,39,CasualUK,derawin07
ax8gk2,"The Old and the New - Waterloo, London",,https://i.imgur.com/QVvVap3.jpg,1551714065.0,79,0.93,13,CasualUK,ajwilkz
ax8dmf,Brits love trampolines,"One of my favourite Google Maps games is seeing how many back garden trampolines I can find in any given view of a British town. Brits *really* love trampolines.

So, my challenge to you, /r/casualUK: what's the highest number of back garden trampolines you can find in a Google Maps view of a British town? You may zoom to any level you wish providing they're still distinguishable.

Ready..... go.

\[edit\] Current record is 41 trampolines!",https://www.reddit.com/r/CasualUK/comments/ax8dmf/brits_love_trampolines/,1551713606.0,144,0.96,43,CasualUK,tizz66
ax84e0,Good pub dog üòäüòä,,https://imgur.com/Z7nqrJL.jpg,1551712167.0,147,0.96,20,CasualUK,[deleted]
ax7tup,Happy British Pie Week! Fray Bentos today,,https://i.redd.it/b7s5lska64k21.jpg,1551710439.0,77,0.9,64,CasualUK,vimariz
ax7lud,Pancake day trauma,"Tomorrow is Shrove Tuesday, pancake day if you will, a joyous occasion all around, or so one would think, but not for me. For me it is a day of fear and uncertainty.

&amp;#x200B;

My work canteen is great. Everything is home-cooked, fresh, tasty, and really cheap.

Flashback two years, **pancake day 2017**. We sign up the day before and can request absolutely anything, feeling a bit cocky I go for blueberry and chocolate. Expectations: fresh blueberries with grated or melted chocolate on top. Reality: the pancake had been heated up with the blueberries inside, ending up with a catastrophe of slightly burnt chocolate and boiling hot blueberry juice oozing out. Looked and tasted awful.

**Pancake day 2018** \- I look back at the year before with regret, appreciating that I maybe asked for too much. I bring it back to basics, pancakes 101, lemon and sugar, the classic. What could go wrong? I got a bit excited and ordered four, forgoing any other sustenance in anticipation. I race down to the canteen, my first two pancakes come out, nice artistic sprinkling of sugar on-top - good touch. I dive in and to my equal horror and bemusement... lemon curd, hot lemon curd in a pancake. Ended up with a similar level of gloop as the year before as the curd separated out.

Which brings me to **Pancake day 2019**, I have about an hour left to write down my request. Do I, don't I? How specific should I be?

&amp;#x200B;

&amp;#x200B;",https://www.reddit.com/r/CasualUK/comments/ax7lud/pancake_day_trauma/,1551709067.0,52,0.9,31,CasualUK,ac13332
ax7crc,Italian's would weep - Vegan Vege Supreme pizza from my work caf,,https://imgur.com/sbOGvBw,1551707538.0,279,0.93,131,CasualUK,BloomingMarvelous
ax78du,Steep Hill - Lincoln (My Hometown),,https://i.redd.it/7wq81z3gv3k21.jpg,1551706799.0,641,0.98,108,CasualUK,BasseyImp
ax76cn,Classic english wikipedia,,https://i.redd.it/io6zqduln3k21.png,1551706433.0,582,0.99,33,CasualUK,BringbackMarchais
ax6c5r,Discovered in Wetherby. I rather like it.,,https://i.redd.it/ogpmx8zgd3k21.jpg,1551700768.0,126,0.95,7,CasualUK,[deleted]
ax623d,Prodigy frontman Keith Flint dead at 49 :(,,https://www.rt.com/news/452964-keith-flint-dead-prodigy/,1551698572.0,1787,0.96,317,CasualUK,Ixidronlol
ax5y4m,This actually just happened. Double entendre anyone?,,https://v.redd.it/qgvvegz543k21,1551697669.0,168,0.93,28,CasualUK,kidneybeaner
ax5kze,PSA: Tomorrow is Pancake Day!,,https://www.youtube.com/watch?v=gj_aHCpZl4k&amp;app=desktop,1551694503.0,147,0.97,45,CasualUK,crucible
ax5f34,Took this last night from ten minutes away from where i live. Winds were crazy. Building across the road is a YMCA. Poor guy.,,https://i.redd.it/udwtdhtuq2k21.jpg,1551693140.0,121,0.98,24,CasualUK,DurkaTurk02
ax5a5h,"Last night was so windy, a patio table has blown into a tree, which overhangs the only bridge between the north/south of our city. Our city has effectively been shut down by garden furniture.",,https://i.redd.it/e9mxbw09n2k21.jpg,1551691928.0,754,0.99,54,CasualUK,[deleted]
ax4rgf,Visited the UK For the First Time - Land's End,,https://m.imgur.com/sB2E3EN,1551687429.0,4663,0.97,294,CasualUK,2ndOfficerCHL
ax4mpi,"The Beast from The Chase is one horny bastard, I‚Äôm telling you.",,https://i.redd.it/dmc0rjam62k21.jpg,1551686335.0,1774,0.98,122,CasualUK,Isaac_God
ax1jbk,It's 2 o clock and pissing down with rain and this little arsehole decided to run into the house as I came in. Don't have the heart to throw him out so got a buddy for a few hours.,,https://imgur.com/PGB2Nuu,1551664874.0,334,0.98,33,CasualUK,Conbz
ax07kd,The most casualuk video ever made (least used train station in the UK),,https://youtu.be/5QCB6UdlnVw,1551656594.0,127,0.96,39,CasualUK,fezzuk
awzb61,"My brother is on holiday in the states, sent me this photo, ¬£6 for what is basically Lynx deodorant...",,https://i.redd.it/71c0kyxbazj21.jpg,1551651269.0,113,0.94,81,CasualUK,-uOKhun-
awyz25,When your roast in the bag...isn‚Äôt,,https://i.redd.it/6y8hnw3p4zj21.jpg,1551649367.0,236,0.97,58,CasualUK,Harry_monk
awyov9,"Missus sent me this today, proper dirty laugh on Come Dine With Me",,https://v.redd.it/wayt8aeyzyj21,1551647820.0,173,0.97,17,CasualUK,HarryGoLocky
awy9hr,"Cleaner finds ¬£300,000 in envelope on London bus ‚Äì and hands it in",,https://metro.co.uk/2019/03/02/cleaner-finds-300000-envelope-london-bus-hands-8793634/,1551645444.0,111,0.97,111,CasualUK,Tony49UK
awxde8,Roast chicken dinner I made tonight.,,https://i.redd.it/7pz88b7qeyj21.jpg,1551640634.0,124,0.91,58,CasualUK,e_j_west
awwqeu,Huddersfield Unite,,https://i.redd.it/09v3ftfk4yj21.jpg,1551637217.0,7829,0.98,149,CasualUK,Ch00balicious
awwfc0,"Westward Ho! Devon, First day that the local ice cream van was out in the village. Despite the blustery weather people where still buying them. Proper British weather.",,https://i.redd.it/zkf74wsnzxj21.jpg,1551635575.0,76,0.93,18,CasualUK,Glassjaw1990
awv2ok,Felt concerned about the state of my road when I spotted a few empty spice packets scattered around. Couldn't have been more wrong,,https://i.redd.it/z60x2ednbxj21.jpg,1551627589.0,256,0.97,17,CasualUK,LDrudok
awuvg8,Sent to me by an old friend - nearly choked on my coffee - From the Daily Telegraph letters page (apparently),[deleted],https://i.redd.it/mz9bpb8s7xj21.png,1551626258.0,249,0.97,1,CasualUK,[deleted]
awudsj,A worthy correction in the paper,,https://imgur.com/1RbQs6b,1551622879.0,256,0.99,10,CasualUK,U313
awubtu,Being superstitious and absolutely refusing to walk over these.,,https://i.redd.it/8kta7otowwj21.jpg,1551622462.0,76,0.79,40,CasualUK,Acidmarkieee
awu7cj,Some say she hasn‚Äôt been defeated for 100 years,,https://i.redd.it/44v7fbbbgsj21.jpg,1551621574.0,99,0.87,8,CasualUK,Shiana_
awu3in,I'm very proud of my new dad skills,"M: \* * * jangling our baby daughter's [new toy](https://i.imgur.com/7jUebZf.jpg) in front of my wife's face \* * *

M: does this smell odd to you?

W: odd how?

M: well, it smells a bit cheesy to me

W: nope, can't smell anything

M: really? I'm surprised - I mean, it is a [Babybel](https://images-na.ssl-images-amazon.com/images/I/71tkvr99xkL._SX385_.jpg) after all

W: * * * facepalm * * *",https://www.reddit.com/r/CasualUK/comments/awu3in/im_very_proud_of_my_new_dad_skills/,1551620764.0,70,0.87,9,CasualUK,[deleted]
awtwot,Fine art in Essex,,https://i.redd.it/314l8ai9mwj21.jpg,1551618956.0,325,0.97,12,CasualUK,qworfon
awtubd,Reading google maps reviews of cinemas and came across this gem,,https://i.imgur.com/ewqpEYb.jpg,1551618431.0,450,0.99,33,CasualUK,nathan98900
awsqhe,Savers; 4th Best company but #1 in keeping it the most real.,,https://i.redd.it/ug3phvb2pvj21.jpg,1551607791.0,103,0.98,7,CasualUK,Brad-Ian-Sleeve
awsfh0,Petition to make this replace God Save The Queen,,https://www.youtube.com/watch?v=GmRjORVylv8,1551604554.0,54,0.74,27,CasualUK,floppywick
aws5r0,Peoole are always amazed when you tell them London has wild Parakeets. Caught this guy just hanging around outside my bedroom window.,,https://i.redd.it/hbbsllg17vj21.jpg,1551601728.0,1255,0.99,191,CasualUK,DisneyBounder
aws427,someone in Cwmbran just erected a 20 foot T-Rex in their front garden,[deleted],https://imgur.com/8xQXBRx,1551601226.0,16107,0.96,491,CasualUK,[deleted]
awnqh8,Who used to play with marbles?,,https://i.redd.it/pixhttn3hsj21.jpg,1551568804.0,157,0.91,47,CasualUK,emailrob
awn7ht,The english are a classy bunch!,,https://i.redd.it/h9oq6m5p7sj21.jpg,1551565627.0,335,0.97,30,CasualUK,allthekos
awn0lt,"Christchurch, Dorset",,https://i.redd.it/m0urk5v74sj21.jpg,1551564460.0,97,0.95,5,CasualUK,poomister3
awmlbr,Ancient Dick pic,,https://i.redd.it/mhn3pef3opj21.jpg,1551562012.0,115,0.96,13,CasualUK,SpicyCheezit
awmhq8,Just seen a load of dads teaching their kids the cha cha slide at center parcs. Glad to see the sacred moves are being passed down.,,https://www.reddit.com/r/CasualUK/comments/awmhq8/just_seen_a_load_of_dads_teaching_their_kids_the/,1551561440.0,132,0.96,15,CasualUK,26326312
awm9kt,"Wigan Council replaced a major roundabout with traffic lights a couple of years ago, and everyone I've spoken to has been grumpy about it since. Whoever made this is an absolute genius - it perfectly sums up the UK spirit.",[deleted],https://www.youtube.com/watch?v=GDVJLfICILo,1551560201.0,58,0.9,11,CasualUK,[deleted]
awm0fb,"A new take on Colin, yodapilla cake",http://imgur.com/gallery/5TgQHfD,https://www.reddit.com/r/CasualUK/comments/awm0fb/a_new_take_on_colin_yodapilla_cake/,1551558834.0,52,0.93,7,CasualUK,TehHappyNarwhal
awldqy,Even the birds are complaining about the state of our roads...,,https://i.redd.it/e21nf1pzcrj21.jpg,1551555305.0,67,0.94,1,CasualUK,[deleted]
awla1j,Hotel? Cock,[deleted],https://i.redd.it/0bzghs5abrj21.jpg,1551554728.0,84,0.89,16,CasualUK,[deleted]
awkvso,Good times in Marks and Spencer,,https://i.redd.it/ikhp07bp4rj21.jpg,1551552514.0,186,0.96,8,CasualUK,elitheboy
awkf73,Cheaper Insurance at a price,,https://i.redd.it/qlatvdvzwqj21.jpg,1551549922.0,128,0.93,83,CasualUK,HonestlyLDN
awkc83,Neat phonebox in Bath,,https://i.redd.it/f6lsbyoovqj21.jpg,1551549496.0,101,0.95,11,CasualUK,mossyroundhill
awkbx7,Sir Paul doing his bit to relieve the stigma surrounding man boobs,,http://i.imgur.com/K7sq6nR.jpg,1551549451.0,227,0.95,8,CasualUK,[deleted]
awk4to,My friend went to a conference at a uni and saw this,,https://i.imgur.com/8cRqKc0.jpg,1551548382.0,466,0.98,52,CasualUK,[deleted]
awjrso,"""Ooh, I love a man with a British accent!""",,https://youtu.be/-8mzWkuOxz8,1551546318.0,292,0.98,53,CasualUK,Cheezime
awj3tg,Ulster Bank's new vertical ¬£10 notes,,https://i.imgur.com/cMHWbZp.jpg,1551542423.0,184,0.97,37,CasualUK,[deleted]
awip4t,God of the Astro for the rest of the week,,https://i.redd.it/yb0ig8r03qj21.jpg,1551539841.0,650,0.97,26,CasualUK,thatguy9921
awiezk,Think I‚Äôve spotted a flaw in this book....,,https://i.redd.it/xmgluksfxpj21.jpg,1551537964.0,52,0.92,4,CasualUK,WelshmanCorsair
awiekk,London's shortest cycle path,,https://i.redd.it/0uy0oyk7xpj21.jpg,1551537889.0,69,0.9,7,CasualUK,0hbuggerit
awiat5,I'm not coming if i can't find my trousers,"I'm just on a train from Stoke to Bournemouth and a girl in the carriage is having a loud conversation with her boyfriend on the phone. She keeps saying ""you have to come"" ""just wear your trousers"" ""I don't know where your trousers are, ask your mum"" ""just wear your jeans"" ""I'll buy you a belt""

Now the call has ended she is quietly crying to her friend that if he doesn't come out they'll have a girls night out instead.

Who the fuck loses their trousers and then uses that as an excuse not to go out?

UPDATE - He found his yellow trousers (I'm not sure who wears yellow trousers) and has a pair of trainers that match. 

She has just got off the train at Leamington spa. 

I hope he doesn't look a pillock and they have a nice evening. ",https://www.reddit.com/r/CasualUK/comments/awiat5/im_not_coming_if_i_cant_find_my_trousers/,1551537165.0,224,0.98,49,CasualUK,JoeIsAMarbleBandit
awi6te,"Got ‚ÄúCauliflowers Fluffy‚Äù stuck in my head, ‚Äúthe broadbeans are sleeping in their blankety bed‚Äù was akin to the beat dropping for 8 year old me, still is",[deleted],https://www.reddit.com/r/CasualUK/comments/awi6te/got_cauliflowers_fluffy_stuck_in_my_head_the/,1551536388.0,59,0.94,18,CasualUK,[deleted]
awhzsz,Someone had an eventful Friday night....,,https://i.imgur.com/j4hFdEU.jpg,1551534993.0,117,0.97,12,CasualUK,Dank_Edits
awhwy3,Gnome centipede,,https://imgur.com/9QnQsHy,1551534432.0,195,0.97,7,CasualUK,xSoliot
awhwmx,@Skepta,,https://i.redd.it/s6ucnbyqmpj21.jpg,1551534370.0,390,0.92,40,CasualUK,[deleted]
awhvrd,Jailbreak from Sussex (Brighton UK),"I don‚Äôt know if this will reach anyone, but a friend and I are doing a university challenge called jailbreak. 
We have to get as far away from our university as possible in 36 hours without using our own money. This means relying on the kindness of strangers for donations and lifts etc. 
We‚Äôre doing this in aid of a charity called rise, it‚Äôs aids survivors of domestic abuse. It‚Äôs a very personal charity for the both of us and we‚Äôd love if people could spread the word or help us out. Thank you!",https://www.reddit.com/r/CasualUK/comments/awhvrd/jailbreak_from_sussex_brighton_uk/,1551534198.0,55,0.86,22,CasualUK,Hive44835533
awhnof,Truuue,,https://i.redd.it/0i29sya7hpj21.jpg,1551532512.0,36911,0.94,838,CasualUK,Amethyst_Lovegood
awh4v0,Anyone have a recipe for something like this? Absolutely love it but would love it even more if I could make bigger batches for myself!,,https://i.redd.it/u908o0vd4pj21.jpg,1551528254.0,103,0.92,44,CasualUK,paspa1801
awgbrl,Olivia Coleman's new role,[deleted],https://pbs.twimg.com/media/D0lli1JWwAEaq5I?format=jpg&amp;name=medium,1551521103.0,139,0.95,17,CasualUK,[deleted]
awfnz3,Audrey Roberts is devastated she'll have to cut down on Turmeric,,https://i.imgur.com/aSYTKv8.jpg,1551515081.0,722,0.98,26,CasualUK,GenestealerUK
awfncr,Some casual dirty jokes on the tube,,https://i.redd.it/3i7hnd7y0oj21.jpg,1551514936.0,116,0.93,4,CasualUK,DualisticSilver
awcnbh,Scientists create average look of women around the world,,https://i.redd.it/210n7t4zmjj21.jpg,1551492576.0,54,0.92,5,CasualUK,mpdehnel
awbmg3,Don't mess with Liz.,,https://imgur.com/HmhkGeZ,1551485643.0,105,0.96,25,CasualUK,boobamajugs
awaqof,St David's Day followup: View from the summit of Snowdon,,https://i.redd.it/u57hsh5n5lj21.jpg,1551480226.0,102,0.96,12,CasualUK,Akinetope
aw916a,Menu from a Scottish takeaway,,https://i.redd.it/jdecnr4lckj21.jpg,1551470458.0,151,0.96,101,CasualUK,[deleted]
aw8zm5,Thought this might make a few people smile.,,https://i.redd.it/s5snzdehyij21.jpg,1551470209.0,12442,0.92,412,CasualUK,lpmliam
aw8fqe,God Bless Mog. Where would bedtime be without her...,,https://i.imgur.com/hnI9C9F.jpg,1551467122.0,88,0.93,23,CasualUK,tjuk
aw8f6m,And there I was thinking Slough had no history or culture,,https://i.redd.it/clrmhhq42kj21.jpg,1551467036.0,1824,0.99,69,CasualUK,herzeleid22
aw8d4u,"This is nice, more pubs should do this.",,https://imgur.com/ntn1mJE,1551466736.0,386,0.95,35,CasualUK,VodkaMargarine
aw88xv,Ay? What bloody job do ya do mate?,,https://imgur.com/eNrEMtZ,1551466098.0,50,0.93,3,CasualUK,JohnMatrixNoisyWatch
aw86og,Necessary information from Heathrow,,https://i.redd.it/fmyoz57pyjj21.jpg,1551465761.0,161,0.95,17,CasualUK,axr862
aw7ygk,My office wins the absolute award for the most passive aggressive ladies bog signs,[deleted],https://i.redd.it/r81b4ul0vjj21.jpg,1551464510.0,159,0.98,29,CasualUK,[deleted]
aw7xna,A Weekend Challenge for you all... Surely the pub jukebox must have a couple of these on it...,,https://i.redd.it/fqettsinujj21.jpg,1551464388.0,111,0.96,27,CasualUK,niresangwa
aw7h85,Bristol looking rather nice this evening.,,https://imgur.com/wWgsgLn,1551462052.0,143,0.96,9,CasualUK,fozzie1984
aw7h7t,NEXT directory. Clearly no socks in stock.,,https://i.redd.it/r32bjbronjj21.jpg,1551462051.0,55,0.87,26,CasualUK,gingerbenji
aw7dj7,Insufficient Funds,,https://i.redd.it/uho5bschkjj21.jpg,1551460971.0,235,0.98,27,CasualUK,TheAntiqueSquid
aw74hg,"Love my new job as a content writer at Argos. Lovely chap called Borat is always happy to cover my shift, even half way through a job.",,https://i.redd.it/wptzcdg6gjj21.png,1551459523.0,701,0.99,43,CasualUK,[deleted]
aw6btw,The toilet symbol for absolute units,,https://i.redd.it/b6qoix803jj21.jpg,1551455115.0,156,0.96,12,CasualUK,sonicandfffan
aw61gc,This MOMO stuff is getting to scary now!,,https://i.redd.it/7h7gx1leyij21.jpg,1551453541.0,733,0.96,66,CasualUK,jimboconker77
aw5z1z,The Chuckle Brothers in 1965,,https://i.redd.it/vxs5fi3zqij21.png,1551453170.0,2279,0.99,103,CasualUK,rangeanxiety
aw54e8,Encouragment in a stall at Westminster station,,https://i.imgur.com/h4UjgQd.jpg,1551448307.0,102,0.96,7,CasualUK,bybycorleone
aw514k,My Great British stag in Wales... It was all very civil until the LSD kicked in and we bumbled around Portmerrion like peculiar children. Happy St. David‚Äôs day!,[deleted],https://i.redd.it/4p5dcci7hij21.jpg,1551447759.0,152,0.88,24,CasualUK,[deleted]
aw4kms,"Happy St David's Day! Pen-y-Pass, Snowdonia",,https://i.redd.it/q2dt129r8ij21.jpg,1551444935.0,341,0.99,24,CasualUK,Akinetope
aw4ekk,Topiarist woken up by 'vicious drunks' trying to have sex with his 'lady hedge',,https://www.telegraph.co.uk/news/2018/07/26/topiarist-angry-vicious-drunks-trying-have-sex-privet-lady-hedge/,1551443793.0,61,0.94,10,CasualUK,peter-bone
aw48oy,Don't forget to pickup your copy of Most Haunted from Woolies,,https://imgur.com/Veigx6E.jpg,1551442703.0,54,0.96,25,CasualUK,featurenotabug
aw40mk,Sounds like its going off this car park in Alty,,https://i.redd.it/ih6dg7cnxhj21.jpg,1551441179.0,206,0.96,16,CasualUK,JIAB15
aw3h66,"Scientists based at the Edinburgh university have successfully fused glass to metal using an ultrafast laser system, a feat which has historically been impossible.",[deleted],https://www.scotsman.com/business/companies/welding-breakthrough-at-heriot-watt-to-transform-manufacturing-1-4881281,1551437096.0,104,0.95,31,CasualUK,[deleted]
aw3c69,Anybody fancy a nice stroll in Glasgow this weekend?,,https://www.walkhighlands.co.uk/glasgow/ikea.shtml,1551435953.0,53,0.95,9,CasualUK,siriuslywinchester
aw2ygu,Whats the most bizzare thing you have ever seen happen in a pub?,"Last year in a spoons i saw a guy:

Walk into the toilet.

Open his flys and poke his cock out

slowly walk over to a poster and stand there for a solid 20 seconds reading it (still with his cock out)


then take a very slow walk over to the urinal",https://www.reddit.com/r/CasualUK/comments/aw2ygu/whats_the_most_bizzare_thing_you_have_ever_seen/,1551432816.0,116,0.98,136,CasualUK,cactusdan94
aw2pni,"Weekly Pub Quiz #73: Back after a week off, featuring ‚Äúrealistic‚Äù Pokemon, national animals, pianos, and the middle ages. Answers in the comments and I hope you all have a great weekend ahead!",,https://imgur.com/a/hvTqZyg,1551430772.0,79,0.98,93,CasualUK,Kerigorrical
aw2l9v,Spotted this guy perusing pet food,,https://imgur.com/kSau8gQ,1551429685.0,164,0.97,12,CasualUK,mscroggs
aw1sn8,"In an airport at 5am, went for a pint, the waitress was looking for whoever ordered these eggs, i jokingly said id have them, she gave em to me!",,https://imgur.com/qDQ0Tvd,1551423099.0,11565,0.92,565,CasualUK,medianbailey
avzd1f,Cheeeeeeessee Gromit,[deleted],https://v.redd.it/8fc1dvn25ej21,1551407129.0,471,0.98,26,CasualUK,[deleted]
avyauf,This LondonNorthwestern service has been seeing a life coach,,https://i.redd.it/eexl3n2mkej21.jpg,1551400496.0,58,0.97,2,CasualUK,robjtede
avxwx5,What is wrong with velcro?,"Who decided that velcro is just for children? All shoes should come with Velcro. Velcro is clearly superior to having to tie your bloody laces. It is quicker to fasten, easier to adjust and never accidentally comes undone. So why am I having to deal with the bullshit of having to tie my laces several times day?

Also I know that there is a thing about people not tying thier laces properly and so they become undone more easily. I am questioning the entire need for laces as a whole. ",https://www.reddit.com/r/CasualUK/comments/avxwx5/what_is_wrong_with_velcro/,1551398194.0,63,0.89,51,CasualUK,QuQuTrain
avxhe2,The Mattressman has been spotted in Leeds...,,https://gfycat.com/MadTerrificBass,1551395716.0,85,0.96,5,CasualUK,therealzohan
avxfiv,My mum kept a newspaper from the day I was born. This Asda advert was inside. Dated March 1992.,,https://i.redd.it/5wjnm01j5ej21.jpg,1551395424.0,197,0.98,82,CasualUK,GlitterRitz
avvpqe,"ESA's Mars rover will be named after UK Scientist Rosalind Franklin. Rosalind Elsie Franklin was a British chemist and X-ray crystallographer who contributed to unravelling the double helix structure of our DNA. She also made enduring contributions to the study of coal, carbon and graphite.",,https://www.esa.int/Our_Activities/Human_and_Robotic_Exploration/Exploration/ExoMars/ESA_s_Mars_rover_has_a_name_Rosalind_Franklin,1551385409.0,63,0.96,5,CasualUK,whatatwit
avv37u,Heavy night in Brighton,,https://i.redd.it/mh9b5q5y1dj21.jpg,1551382094.0,2566,0.99,101,CasualUK,[deleted]
avutpo,Free single malts every 15 mins!,,https://i.redd.it/848y76kbxcj21.jpg,1551380692.0,55,0.95,6,CasualUK,d00mestos
avu9hh,A guide to Southerns nightmares,[deleted],https://i.redd.it/ia1rphs6pcj21.jpg,1551377800.0,2105,0.97,164,CasualUK,[deleted]
avu8jv,Theft bird,,https://v.redd.it/482ad7z10bj21,1551377670.0,107,0.97,12,CasualUK,[deleted]
avsnpx,I'm worried about eating it now,,https://imgur.com/TkmrstT,1551369495.0,166,0.96,16,CasualUK,mutonchops
avsezc,An abandoned school near home.,,https://i.redd.it/irfyhauewbj21.jpg,1551368152.0,231,0.99,55,CasualUK,[deleted]
avs993,What would you add?,[deleted],https://i.redd.it/v8nd2hlxtbj21.jpg,1551367289.0,95,0.94,86,CasualUK,[deleted]
avrvjp,Saw this ancient artifact the other week,,https://i.redd.it/apbvc62gnbj21.jpg,1551365113.0,917,0.99,73,CasualUK,kilagu
avrpq0,tesco but in comic sans,"&amp;#x200B;

https://preview.redd.it/varub6rikbj21.jpg?width=751&amp;format=pjpg&amp;auto=webp&amp;s=1367fc662822913357158946bef28a810e2f10c9",https://www.reddit.com/r/CasualUK/comments/avrpq0/tesco_but_in_comic_sans/,1551364125.0,141,0.85,27,CasualUK,BeefCasserole
avqy9v,Are people really putting these in their gardens? It was the last one on the shelf.,,https://imgur.com/gVG69WB.jpg,1551359383.0,72,0.95,30,CasualUK,featurenotabug
avqrdg,Guard dog at Windsor castle,,https://i.redd.it/n11w1i034aj21.jpg,1551358154.0,146,0.98,7,CasualUK,fejes91
avq3je,"Just so everyone knows, MOMO is just a stupid meme. It's common sense to check what your kids are watching on YouTube, don't let them post videos of themselves, and don't fill their heads with ghost stories.","The image itself is a crop of a picture of a Japanese special effects prop. I posted this because I'm hearing loads of reports locally of schools flagging this - the only reason kids are talking about it is parental mass hysteria.

Edits

Why you shouldn't leave kids watching YouTube:
https://www.ted.com/talks/james_bridle_the_nightmare_videos_of_childrens_youtube_and_what_s_wrong_with_the_internet_today?language=en

https://medium.com/@jamesbridle/something-is-wrong-on-the-internet-c39c471271d2

YouTube says hidden momo videos are bollocks
https://www.independent.co.uk/life-style/gadgets-and-tech/news/momo-challenge-youtube-video-what-is-explained-a8800921.html

Edit 2
Mail headline for 2nd story:
"" 'Momo' mystery deepens as YouTube says it hasn't found 'ANY recent evidence' of disturbing challenge that pressures kids to harm themselves - despite reports it's infiltrated Peppa Pig and other children's videos""

NOT ""our other stories on this subject were bollocks""

It's a hoax say well informed charities
https://www.theguardian.com/technology/2019/feb/28/viral-momo-challenge-is-a-malicious-hoax-say-charities

It's all true says the Daily Mail (repeatedly)
https://www.dailymail.co.uk/news/article-6750761/Schools-warn-parents-sick-Momo-suicide-game-spliced-YouTube-videos.html",https://www.reddit.com/r/CasualUK/comments/avq3je/just_so_everyone_knows_momo_is_just_a_stupid_meme/,1551353532.0,198,0.96,126,CasualUK,bbreslau
avps8z,I bloody love Teesside.,,https://i.redd.it/pvhflqxdhaj21.jpg,1551350963.0,120,0.98,26,CasualUK,Kryptic_Duck
avppf9,"So, a Flybe plane was just 'evacuated' at Exeter Airport",,https://v.redd.it/vxaep9pdfaj21,1551350361.0,252,0.96,104,CasualUK,7filter
avpi7y,Stylish Dawn French phone wallpaper,,https://i.imgur.com/DrQnObQ.jpg,1551348740.0,91,0.85,14,CasualUK,vogSWS
avpfuh,English weather,,https://v.redd.it/4qsq9oh59aj21,1551348217.0,31488,0.92,926,CasualUK,punter1414
avpecq,A typical day in Portsmouth!,,https://i.redd.it/d2n0h3458aj21.png,1551347853.0,87,0.94,20,CasualUK,sarahsgrove
avow79,You think he would just start again. Northern rails finest.,[deleted],https://imgur.com/e1JKIVj,1551343626.0,129,0.98,17,CasualUK,[deleted]
avjxts,UK-themed Pokemon evolutions,,https://twitter.com/deathbulge/status/1100892392243298306/photo/1,1551309767.0,335,0.97,25,CasualUK,Obligatory_Username
avjueu,"Warmest day in February , Marlow south Buckinghamshire, England",,https://i.redd.it/u67qzifb17j21.jpg,1551309265.0,70,0.93,8,CasualUK,Uraflght
avjdod,Sea glass found at Seaham!,,https://i.redd.it/bl62cqrst6j21.jpg,1551306710.0,375,0.98,48,CasualUK,leathervelvet
avjcsb,"Haven't seen these before, just what I needed",,https://i.imgur.com/f4yM2e9.png,1551306573.0,105,0.93,14,CasualUK,UberMeow
avj55h,Spoons have changed ketchup in Birmingham? Is this a national crisis?,,https://imgur.com/WOEhD3f,1551305415.0,95,0.95,53,CasualUK,yiniy
avhejv,I was in the local NHS walk-in centre last night and one of the people also waiting was called Dino Pistachio.,Fucking great name. Made the 4 hour wait totally worth it.,https://www.reddit.com/r/CasualUK/comments/avhejv/i_was_in_the_local_nhs_walkin_centre_last_night/,1551296188.0,83,0.95,22,CasualUK,EddieVolcano
avg7ow,St.evenage?,,https://v.redd.it/mabfynbgf5j21,1551289843.0,110,0.97,29,CasualUK,Wagwan420
avg1av,Mcvities Jaffa Cakes Bites are a scam and an offense,"I thought great, the taste and enjoyment of a jaffa cake in little individual bites? Sign me up. 

But no, they are an affront and a disgrace to the name. Nothing is right about them, chocolate tastes wrong, the sponge is stale and the orange is weird and sickly.

Just ate a whole pack and am disgusted. Had to finish to be sure even though it felt like they got worse the more I ate.

DON'T FALL FOR THEIR LIES.
",https://www.reddit.com/r/CasualUK/comments/avg1av/mcvities_jaffa_cakes_bites_are_a_scam_and_an/,1551288870.0,223,0.95,63,CasualUK,Dark_place
avfrn3,"Is it just me, or does the comma here make Google Maps sound disgusted with the state of the traffic? A nice touch!",,https://i.redd.it/xt83krvo75j21.jpg,1551287434.0,8554,0.98,259,CasualUK,DNC88
avfqiu,Waitrose really trying to cater to us Millennials.,,https://i.redd.it/f5bqvwn255j21.jpg,1551287265.0,204,0.95,37,CasualUK,iwannaholdyour-ham
avff90,Im sorry Barbara but why in God's name do you have a Bidet in your garden?,,https://i.redd.it/5mafik2s25j21.jpg,1551285519.0,88,0.95,38,CasualUK,Yollom
avfeq2,So apparently the rest of the world thinks Mr. Bean is a documentary,,https://i.redd.it/pvqitol125j21.png,1551285444.0,385,0.97,81,CasualUK,down_vote_magnet
aveqtl,Newest Pokemon game will be set in the UK!,"[https://www.youtube.com/watch?v=BdA22Lh6Rwk](https://www.youtube.com/watch?v=BdA22Lh6Rwk)

Who cares about Ireland and Wales? Pokemon Sword and Shield will be set in England and Scotland!",https://www.reddit.com/r/CasualUK/comments/aveqtl/newest_pokemon_game_will_be_set_in_the_uk/,1551281768.0,257,0.95,134,CasualUK,EvilSludge
avdzeg,Could someone please give me a crashcourse in British slang?,"I'm coming across in April and want to get an understanding of the local jargon.

Edit:
I'll be between Maidstone and Canterbury area.",https://www.reddit.com/r/CasualUK/comments/avdzeg/could_someone_please_give_me_a_crashcourse_in/,1551277260.0,62,0.91,134,CasualUK,[deleted]
avdk58,"Just pretended to have never heard of ""hump day"" with amusing results","So one of my most annoying co-workers said ""happy hump day!"" to me just after 12pm today.  Just for a bit of petty maliciousness, I pretended never to have heard this phrase and said ""how do you know when my wife and I have our regular intimate time?  Are you spying on me?!""  He started spluttering out an explanation that he just meant it was called that because it's halfway through the week and wouldn't know anything about my personal life.  I grudgingly accepted his explanation but am now making him uncomfortable by glaring suspiciously at him now and again.  Fun times!",https://www.reddit.com/r/CasualUK/comments/avdk58/just_pretended_to_have_never_heard_of_hump_day/,1551274597.0,210,0.97,37,CasualUK,Denncity
avdbzi,"Tal-y-llyn, Gwynedd",,https://i.redd.it/szoe3e2w14j21.png,1551273116.0,185,0.96,15,CasualUK,ldmosel
avd3as,Just accidentally put a 1 koruna coin I got from Prague in a Tesco self checkout and it accepted it as a 5p. Im 2.7p up lads.,,https://www.reddit.com/r/CasualUK/comments/avd3as/just_accidentally_put_a_1_koruna_coin_i_got_from/,1551271472.0,850,0.99,62,CasualUK,cammyk123
avcqjv,"It might be Fools Spring, but I‚Äôm still enjoying it!",,https://v.redd.it/q0p7xiadp3j21,1551268954.0,89,0.97,1,CasualUK,DiscipleOfAzura
avcmcl,"Interesting shop placement, Hammersmith",,https://i.redd.it/5k61baimm3j21.png,1551268039.0,175,0.98,4,CasualUK,malastart
avckqd,A bicycle repair shop or a front for a brothel?,,https://i.redd.it/6668vzsrl3j21.jpg,1551267689.0,148,0.95,28,CasualUK,molehill
avc3dv,Roman graffiti including a penis have been found in a Cumbrian quarry,,https://news.sky.com/story/publius-aelius-hadrianus-est-hic-roman-graffiti-found-in-cumbrian-quarry-11649451,1551263826.0,66,0.97,19,CasualUK,marscoric
avc2gr,(Brighton) Cannabis shop is hiring a professional joint roller for ¬£10 an hour,[deleted],https://www.dailyrecord.co.uk/news/uk-world-news/cannabis-shop-hiring-professional-joint-14053758,1551263619.0,62,0.93,26,CasualUK,[deleted]
avbysf,These Elephant Hedges in London ...,,https://i.redd.it/5o8pt6o173j21.jpg,1551262767.0,1023,0.99,35,CasualUK,danger0usd1sc0
avbf92,"Well, that‚Äôs satisfying",,https://i.redd.it/f54i3r0ut2j21.jpg,1551258302.0,74,0.96,12,CasualUK,keenan37
avbeq2,"They said Infinity War was the most ambitious crossover ever, well BBC and ITV are teaming up to take on Netflix with its own exclusive streaming serivice BritBox. A streaming service dedicated to British TV only.",,https://www.theguardian.com/media/2019/feb/27/bbc-and-itv-team-up-to-launch-netflix-rival-britbox,1551258180.0,137,0.96,113,CasualUK,[deleted]
avbd4f,Dyu Like Dags?,,https://i.redd.it/kh98lp29s2j21.jpg,1551257831.0,266,0.97,22,CasualUK,DrThornton
avbbdj,Someone‚Äôs having a bad morning,,https://i.redd.it/37hqw58ar2j21.jpg,1551257439.0,60,0.93,14,CasualUK,alexros3
avb0hb,This signpost looks like totally made up place names,,https://i.imgur.com/zu0HiP1.jpg,1551254949.0,11170,0.96,453,CasualUK,CornedBeefKey
avb075,Always wondered what these are at train stations. Any ideas,,https://i.imgur.com/fHldS2f.jpg,1551254889.0,74,0.98,30,CasualUK,Slumpig
av5cgg,Took my lil bro two terms to complete this ‚Äòqueen profile‚Äô clock üòÜ,,https://i.redd.it/dnfyziyplzi21.jpg,1551219245.0,59,0.9,20,CasualUK,Opalwarrior
av53j4,"TIL that comedian Willie Rushton labelled an electric plug socket in a gallery of the V&amp;A museum: ""Plug hole designed by Hans Plug (b. 1908)"", which remained for a full year ‚Äì to the great annoyance of a cleaner who had to use a hefty extension lead for 12 months so as not to damage the exhibit.",,https://en.wikipedia.org/wiki/Willie_Rushton,1551217945.0,151,0.97,7,CasualUK,BladorthinTheGrey
av52dr,Brush fires in February in Edinburgh is mad,,https://i.redd.it/1q1y2h2bhzi21.jpg,1551217780.0,56,0.91,12,CasualUK,HighlandTyke
av2wx6,"Snowdonia National Park today from The Great Orme. Sunny, still and majestic.",,https://i.redd.it/yht38z5bkyi21.jpg,1551206667.0,52,0.94,2,CasualUK,DominoLeBroque
av2n1c,I really like whoever came up with the idea to put pianos in train stations.,"Honestly, whether it's some master pianist playing Mozart or a couple of kids just having fun badly playing chopsticks, everytime I pass by and hear someone play, I smile. Such a lovely idea.",https://www.reddit.com/r/CasualUK/comments/av2n1c/i_really_like_whoever_came_up_with_the_idea_to/,1551205211.0,183,0.96,44,CasualUK,Jackanova3
av2eu0,Moon and Me (Cbeebies) is absolutely terrifying.,,https://i.redd.it/j13dudwicyi21.jpg,1551204044.0,95,0.95,65,CasualUK,JellyBunnyx
av2bxz,Utterly shocked at how my neighbour could just throw out an untouched tray of cheesy chips!,,https://i.redd.it/589r5hx9byi21.jpg,1551203626.0,78,0.88,39,CasualUK,l_Akula_l
av1qqi,A Cornish crime wave.,,https://i.redd.it/qutvdovc2yi21.jpg,1551200631.0,97,0.96,30,CasualUK,argyyyyyle
av0xu5,Been meaning to share this....,,https://i.redd.it/x0oy21m4qxi21.jpg,1551196521.0,74,0.95,5,CasualUK,byla100
av0w3f,My child asked to be abandoned,,https://i.imgur.com/EKjJD7T.jpg,1551196248.0,149,0.92,54,CasualUK,Sean_O_Neagan
av0n75,"An easy mistake to make, no doubt",,https://ichef.bbci.co.uk/news/410/cpsprodpb/12E2A/production/_100845377_news.jpg,1551194866.0,112,0.97,10,CasualUK,crucible
av0lfj,Email we got at work...gave me a bit of a giggle!,,https://i.redd.it/ayrdmztakxi21.png,1551194584.0,76,0.94,27,CasualUK,emmademontford
av05oy,"My disappointment is immeasurable, and my day is ruined.",,https://i.imgur.com/OBYkxyz.jpg,1551192060.0,236,0.97,32,CasualUK,shgrizz2
auzqt7,I seriously wonder where half our place names come from,,https://i.imgur.com/GFuSbUd.png,1551189563.0,91,0.96,23,CasualUK,cryptus
auz23h,Journalism at its best,,https://i.redd.it/apq0d417swi21.jpg,1551185100.0,17047,0.96,271,CasualUK,gthief
auyucd,Triceratops Tuesday Thread,[deleted],https://www.reddit.com/r/CasualUK/comments/auyucd/triceratops_tuesday_thread/,1551183672.0,86,0.96,104,CasualUK,[deleted]
auyrus,When you live in a shire county you become numb to these horrific acts,,https://i.redd.it/46eh60ghmwi21.jpg,1551183186.0,93,0.97,12,CasualUK,alphacentaurai
auymtn,There's been a new sighting of the legendary Worcester Bungle!,[deleted],https://i.redd.it/vn90uxzkjwi21.png,1551182280.0,151,0.97,17,CasualUK,[deleted]
auyfl1,Cheers Virgin Trains.,,https://i.imgur.com/eVPGOrr.jpg,1551180735.0,1791,0.98,66,CasualUK,lntroducing
auy56i,Set for another scorcher!,,https://i.redd.it/rlpd3u158wi21.jpg,1551178372.0,284,0.96,30,CasualUK,TopMurph
auy3y2,London is taking seriously the safety of pedestrians. New barriers have been implemented in Oval to lower the accident rate.,[deleted],https://i.redd.it/4rf72y9b7wi21.jpg,1551178100.0,260,0.99,4,CasualUK,[deleted]
auxd9y,Lancaster City Council - pavement repair of the year,,https://i.redd.it/gdajzlsyovi21.jpg,1551171909.0,995,0.99,93,CasualUK,hunter9
aux2i2,A year ago today the Beast from the East arrived,,https://imgur.com/taqM110.jpg,1551169462.0,804,0.98,106,CasualUK,featurenotabug
auwfkp,Spotted this advert for a delicious sounding ale in a pub on Saturday,,https://i.redd.it/t81wddg63vi21.jpg,1551164589.0,301,0.98,28,CasualUK,synthesezia
auqo5l,Timely accidental Alan Partridge on my Sky Guide tonight,,https://i.redd.it/6elragb89si21.jpg,1551130356.0,141,0.94,14,CasualUK,idlewildgirl
auqlsw,Is there anything better than a pint and a cheeseboard?,,https://i.redd.it/oclodyoc8si21.jpg,1551130007.0,91,0.93,50,CasualUK,StardustOasis
auqfi2,Reminds me of a certain sailor from Peckham...,,https://i.imgur.com/wbP7wog.jpg,1551129109.0,62,0.93,7,CasualUK,Daaargon
auq8tz,Watching the wedding episode of Peep Show for the first time and the cringe is too much that I might actually die.,Send help.,https://www.reddit.com/r/CasualUK/comments/auq8tz/watching_the_wedding_episode_of_peep_show_for_the/,1551128189.0,59,0.92,30,CasualUK,ExploreEdinburgh
aup0oj,A casual mod announcement,[deleted],https://www.reddit.com/r/CasualUK/comments/aup0oj/a_casual_mod_announcement/,1551122012.0,125,0.95,63,CasualUK,[deleted]
auovqw,"Mark Hollis, the genius behind three of the greatest albums of all time with Talk Talk, has (apparently) passed away aged 64.",,https://twitter.com/thethe/status/1100099581927477248,1551121336.0,68,0.91,21,CasualUK,a3poify
auoryx,"""I don't like the clean shaven look down there...it wasnt a thing in my day""","My nan has seen naked attraction and decided to comment on it over dinner. I may just die. 

",https://www.reddit.com/r/CasualUK/comments/auoryx/i_dont_like_the_clean_shaven_look_down_thereit/,1551120824.0,215,0.96,95,CasualUK,chris2618
auoppd,You can probably smell this photo,,https://i.redd.it/7yr74rmgcoi21.jpg,1551120518.0,250,0.96,39,CasualUK,dutts303
auojmv,Normal drive to work...,,https://v.redd.it/t5087djmdri21,1551119688.0,116,0.98,16,CasualUK,yalanyalang
auo9mm,My brother sent me this... thought it would be fitting here,,https://i.redd.it/zyxbnw1h9ri21.jpg,1551118271.0,2933,0.99,76,CasualUK,cornflake-bandit
aun2ob,The out-of-office reply from Alan Partridge is brilliant as well...,,https://i.redd.it/ex7zqiq3rqi21.jpg,1551112092.0,428,0.99,8,CasualUK,olliewolliesam
aumu31,Crow which bizarrely asks bypassers 'You alright love?' - in Yorkshire accent,,http://youtu.be/RB3ruxchwaY,1551110835.0,61,0.91,20,CasualUK,AgentOranJ
aul9s6,The incredible power of sending 1000 tea bags to unsuspecting chaps. Spread some love this Monday ladies and gents,,https://i.redd.it/59oaterfvpi21.png,1551101443.0,76,0.87,19,CasualUK,TheSpiffingBrit
aul93v,Nothing describes us Brits more then the impending doom of global warming but having a 16 degree day in February so we can have a few ciders and sit in the garden.,,https://www.reddit.com/r/CasualUK/comments/aul93v/nothing_describes_us_brits_more_then_the/,1551101318.0,50,0.9,12,CasualUK,Zero_Hood
aul3n9,Shite camera quality but this isn‚Äôt edited. The fog looked really cool flying into Leeds last night.,[deleted],https://i.redd.it/j1xvs7a1spi21.jpg,1551100301.0,60,0.92,12,CasualUK,[deleted]
aul3kd,IKEA breakfast is great. All this for ¬£2.50!,,https://i.imgur.com/fkbwEDR.jpg,1551100286.0,298,0.94,62,CasualUK,james_-young
aukuv8,The absolute state of daytime TV,,https://i.redd.it/4pt772e4npi21.jpg,1551098649.0,475,0.97,141,CasualUK,EUPsyko
aukods,"One of the most legendary rants to come out of the mouth of Northern England's finest, Paul Sykes...",,https://v.redd.it/cilr4pm0epi21,1551097356.0,90,0.9,13,CasualUK,TheAfternoonStandard
aujqrs,I've just found out my boss is a psychopath.,"Well. I'm not sure, but I think my boss is a psychopath. Walked into the office with some goodies today, to try and have a better than usual Monday. Load of sweets, like I'd robbed a haribo warehouse. I had these Fox's mints as well. So I went to offer my boss some, he took a mint. Unravelled the clear mint, threw it in the air. Successfully caught it. It was flawless, but then as soon as he closed his mouth. He looked me dead in the eye like, it was like a western stare down. The next thing I hear is his fucking molars crunching down on the fucking mint, just acted like it was normal and said ""Thanks."" I'm not sure if he was just asserting dominance or a psychopath, but fucking hell it was intimidating.",https://www.reddit.com/r/CasualUK/comments/aujqrs/ive_just_found_out_my_boss_is_a_psychopath/,1551090034.0,550,0.98,65,CasualUK,Nevarc_Xela
aujnty,How does this help train first aiders?! Its terrifying!,,https://i.redd.it/qg5cmuigvoi21.jpg,1551089343.0,150,0.97,39,CasualUK,arabidopsis
auj3yt,Only Disconnect,,https://imgur.com/I05zgGi,1551084698.0,618,0.97,54,CasualUK,fireball_73
auiz4a,Picture my sister took one morning a few weeks ago... in Preston!,[deleted],https://i.redd.it/quq0tga9eoi21.jpg,1551083560.0,97,0.97,10,CasualUK,[deleted]
isezn3,Beautiful crescent moon and Venus in the morning sky just now.,,https://i.redd.it/tlhq4dfkw1n51.jpg,1600062092.0,212,0.98,17,CasualUK,vbloke
isa14v,"On the 14 September 2007, 14 year old Andrew Gosden travelled to London from his home in Doncaster, but he hasn't been seen since. Today marks 13 years since his disappearance.",,https://i.redd.it/1wj9eia2a0n51.jpg,1600042416.0,70,0.94,9,CasualUK,Kagedeah
is8bif,Sometimes this shitty town provides nice views.,,https://i.redd.it/efrc9h62szm51.jpg,1600036360.0,151,0.96,39,CasualUK,funeralball
is6o6e,Just a pic of a frog smiling at me tonight :),,https://i.redd.it/uk0ltvehbzm51.jpg,1600030857.0,407,0.97,14,CasualUK,[deleted]
is6gzh,"Saltburn pier, Cleveland, UK.",,https://i.redd.it/hgblkirs9zm51.jpg,1600030217.0,6050,0.99,159,CasualUK,Mike_R0we_Wave
is60mr,Little Old Scottish Grandma,,https://v.redd.it/72opiqiu5um51,1600028800.0,1625,0.98,79,CasualUK,MorrisM
is55b5,A picture I took of the London Skyline,,https://i.redd.it/tmdym38pxym51.jpg,1600026151.0,149,0.94,12,CasualUK,NotYourAvgArchitect
is3csf,My cats dragged a live pigeon into the bathroom but didn't know what to do with it. Shellshocked bird has a number ring on its leg. So I put it in a box and Googled what to do when you find a racing pigeon. Turns out there's a pigeon database. I got her owner's number and he'll pick her up tomorrow!,,https://v.redd.it/wc693da5gym51,1600020735.0,552,0.98,108,CasualUK,sofyflo
is1p9b,Three cliffs bay looking good today,,https://i.redd.it/0qhkszee2ym51.jpg,1600015624.0,72,0.92,2,CasualUK,korbendallas-
is14q7,Had to make a tough decision when out on a walk today,,https://i.redd.it/bvb7sv6zwxm51.jpg,1600013802.0,2505,0.99,99,CasualUK,Pukit
is0zq9,Camber Sands Pontins is as bad as you think,,https://www.reddit.com/gallery/is0zq9,1600013348.0,445,0.99,153,CasualUK,[deleted]
is0hgt,On Wednesday night I took my camera to photograph a church in Northumberland. This is the final result after combining 2 hours worth of images together!,,https://i.redd.it/4rsxxiyqqxm51.jpg,1600011708.0,2406,0.99,56,CasualUK,AstronomyAdam
irzr1m,Found a 6G tower in the woods near my house,,https://i.redd.it/wbaw56pijxm51.jpg,1600009274.0,178,0.98,15,CasualUK,GullsonL
irzcib,Wrong animal,,https://i.redd.it/wgt2qxw7fxm51.jpg,1600007827.0,138,0.99,17,CasualUK,R3TRO-Surf
iryh58,The Thames has to be one of the prettiest rivers in the world - on a cheeky boat tour from Runnymede to Windsor,,https://i.redd.it/yip1qqu55xm51.jpg,1600004449.0,82,0.88,11,CasualUK,dhoadley
iry4oy,"Being a top deck utter bus wanker, haven‚Äôt bus journeys come on a bit?! Charging pads on the tables as well look...",,https://i.redd.it/icx46lza1xm51.jpg,1600003158.0,281,0.98,93,CasualUK,Meeshamoosha
irx9h3,A jar of Burton's finest - can't stand the stuff,,https://i.redd.it/btkq9lwlqwm51.jpg,1599999551.0,76,0.9,8,CasualUK,stupre1972
irx6g4,Cheeky!,,https://i.redd.it/ky9iplahpwm51.jpg,1599999176.0,96,0.99,16,CasualUK,BrokenAlfaRomeo
irwtbg,does anyone else love it when your pint shows you how big each drink was,,https://i.redd.it/colboghckwm51.jpg,1599997445.0,153,0.92,29,CasualUK,cactusdan94
irvblh,"RIP Breville kettle, 2001-2019","My kettle broke yesterday, and here I am boiling water on the job like a heathen or an American.
Genuinely quite saddened, I might use the old fella as a plant pot outside or something, can't really face just chucking the old soldier in the bin.",https://www.reddit.com/r/CasualUK/comments/irvblh/rip_breville_kettle_20012019/,1599989809.0,87,0.91,55,CasualUK,landwomble
irurec,"Thanks, the park's ruined",,https://i.redd.it/c7e6hp6jovm51.jpg,1599986749.0,1469,0.98,284,CasualUK,MarthaFarcuss
iruduu,This is not the greatest selfie in the world. It is just a.....,,https://i.redd.it/2dhkh23jivm51.jpg,1599984736.0,28242,0.87,250,CasualUK,Trilobite_Tom
irubvv,North Yorkshire moors meeting the whitby coast line.,,https://i.redd.it/jwd833rnhvm51.jpg,1599984436.0,588,0.99,24,CasualUK,Mike_R0we_Wave
iru8uu,"I used to ask my mam for the expensive sugary breakfast cereals and she was always say ""no, you'll just eat them"". I never understood what that meant, until I became master of my own shopping. She was right.",,https://www.reddit.com/r/CasualUK/comments/iru8uu/i_used_to_ask_my_mam_for_the_expensive_sugary/,1599984001.0,176,0.98,37,CasualUK,RobFratelli
irtmzy,Interesting discount code from Uber Eats.,,https://i.redd.it/hyutvws37vm51.jpg,1599980885.0,240,0.97,28,CasualUK,TrashyCure
irtmqi,The Helmeted Hornbill looks like a Spitting Image puppet of Rod Hull's Emu,,https://i.redd.it/vsxvi6a07vm51.jpg,1599980850.0,69,0.93,7,CasualUK,roidweiser
irn0yj,BBC going back to school and forgetting how to spell.,,https://i.redd.it/ji5ixq4cvsm51.jpg,1599952713.0,77,0.98,6,CasualUK,Bad_Spleen
irmkk3,Some poor bugger is about to lose ¬£57 million... at least it isn't me.,[deleted],https://i.redd.it/6ly6tjv8qsm51.png,1599951027.0,88,0.98,23,CasualUK,[deleted]
irmgon,FAO: UK Tomato Canners Re: Enough of your bullshit,"I know Big Tomato reads the CasualUK subreddit, they've got eyes everywhere. And I can't think of a more appropriate place to finally take a stand.

NO-ONE WANTS PEELED PLUM TOMATOES IN A CAN. NOBODY HAS EVER WANTED PEELED PLUM TOMATOES IN A CAN. EVER.

If you care about tomatoes, you'll buy one of the 99 different varieties thereof taking up shelf space in Sainsburys, while the normal vegetables are relegated to the top corner of Vegetable Aisle 9 3/4s.

No-one at the corner shop has *ever* wanted peeled plum tomatoes. They want chopped tomatoes. The normal ones. The ones that make a sauce without you have to bash them with a wooden spoon like a twatting maniac.

You, through your perfidy, would ruin my pizza sauce. I had to run the blender for 20 seconds, at 11pm (I'm ashamed and I always will be), because you think it's ok to put giant red blobs in the can where normal tomatoes should be.

If you must sell these dinner-ruining disasters, will you please have the decency to sell them in bright orange cans that don't look identical to the normal tomatoes, that we will know to avoid them.

We have suffered under this regime too long. If you have any shred of decency, you will withdraw these culinary bear-traps, or you will label them properly. Nothing less will be accepted.

God Save The Queen.",https://www.reddit.com/r/CasualUK/comments/irmgon/fao_uk_tomato_canners_re_enough_of_your_bullshit/,1599950646.0,81,0.79,70,CasualUK,HellsWaylon
irlnyf,Apparently you can see the Isle of Man from the top of Scafell Pike. Apparently,,https://i.redd.it/hpmnjrmqgsm51.jpg,1599947810.0,141,0.98,9,CasualUK,shibbyingaway
irlfsq,"When you pay ¬£9,250 a year for the Sims",,https://i.redd.it/3avu9nneesm51.jpg,1599947018.0,262,0.98,52,CasualUK,DaCookieDemon
irkedy,Sometimes I feel like I'm being watched,,https://i.imgur.com/yKzp1mC.jpg,1599943441.0,196,0.97,15,CasualUK,ajguk
irk4p1,For some reason I have an irrational inability to go....,,https://i.redd.it/so2rexk31sm51.jpg,1599942546.0,216,0.97,27,CasualUK,Curle101
irjgg1,"I draw my dreams every morning, and for some reason Poundland is a recurring theme",,https://i.redd.it/wi4qiy7eurm51.png,1599940357.0,776,0.97,49,CasualUK,cuddlesandwich
irjg0i,We're Really Friendly in Rural Devon,,https://i.redd.it/h2o7dsheurm51.jpg,1599940318.0,142,0.98,1,CasualUK,Vandred921
irj67y,"Does anyone else when doing an online shop, not buy any snacks or treats because they are trying to be good, only to get sad when shop arrives and there are no snacks or treats? Why cant Sainsbury just add like a Twirl in with the shop once in a while?",,https://www.reddit.com/r/CasualUK/comments/irj67y/does_anyone_else_when_doing_an_online_shop_not/,1599939420.0,6260,0.97,271,CasualUK,thomaskitty
irinp3,"üé∂Auto glass repair , Auto glass replace üé∂",,https://i.imgur.com/CVKdi8e.gifv,1599937763.0,111,0.92,18,CasualUK,HarperWantsToDie
irhoir,Misty Chingford,,https://i.redd.it/ha8gomqidrm51.jpg,1599934613.0,318,0.98,33,CasualUK,persy1987
irhik6,Does anyone else see this?,,https://i.redd.it/l8eokpxybrm51.png,1599934096.0,794,0.9,35,CasualUK,SavageSpaghetti
irh3tt,Skegness : It's fucking shit,,https://i.imgur.com/cO7KMXH.jpg,1599932743.0,511,0.97,69,CasualUK,Sku11y
irh2kb,The sustenance of industry.,,https://i.imgur.com/lWte5fO.jpg,1599932619.0,94,0.94,11,CasualUK,RedZedOne
irgl7p,They must have done this on purpose right?,,https://i.redd.it/6opgzlhr2rm51.jpg,1599930997.0,152,0.98,12,CasualUK,Arc_12
ikfxtw,"Went for a run at 6 this morning, cold but lovely! Trying the couch to 5 k thingamajig, these vistas might keep me at it",,https://i.redd.it/162tlnnznhk51.jpg,1598945373.0,17875,0.96,396,CasualUK,Korvus_Redmane
hxizjj,This sticker ended up on my Granda‚Äôs car. He says he doesn‚Äôt mind because it‚Äôll give the taxi company some free advertising. Please Granda don‚Äôt google it.,,https://i.redd.it/erzahrlukyc51.jpg,1595663346.0,26704,0.92,441,CasualUK,desk7
hxb30o,I found a Safe in the Kennet &amp; Avon canal in the UK,,https://i.redd.it/6985hg0uovc51.jpg,1595628400.0,200,0.98,61,CasualUK,ElwoodJake
hx8nog,Get a bird feeder they said... it‚Äôs amazing to take a minute and relax whilst watching the local wildlife,,https://i.redd.it/971llfr50vc51.jpg,1595620067.0,830,0.99,89,CasualUK,joelkes
hx78hf,Cannot believe a 9 year old bought a Stella ice lolly. Must have been the only lager on tap.,,https://i.redd.it/0g6nvgikmuc51.jpg,1595615496.0,187,0.96,69,CasualUK,Daniellezeebub
hx55dz,"Picture taken during my workday in Oxford city centre , mid-week, at the beginning of lock down! Like something from a movie set",,https://i.redd.it/2rues02l2uc51.jpg,1595608845.0,271,0.98,20,CasualUK,buzztrunk101
hx2tlq,My sister was taken into hospital yesterday. This was a text update I got from my step-dad. Nearly fucking gave me a heart attack.,,https://i.imgur.com/IgWJN4c.jpg,1595601213.0,7741,0.99,129,CasualUK,madcaplaughed
hx1f9h,Take a seat and enjoy the view,,https://i.redd.it/9si1as5a0tc51.jpg,1595595896.0,264,0.99,19,CasualUK,korbendallas-
hx0png,Walkers have an interesting definition of meaty,,https://i.redd.it/k7oa92sirsc51.jpg,1595592950.0,244,0.98,32,CasualUK,bemusedcorgi
hx0n6q,The Seven Sisters Cliffs in evening sun. Seen from Seaford beach. Was a beaut weekend,[deleted],https://i.redd.it/emdsf0wlqsc51.jpg,1595592654.0,156,0.98,3,CasualUK,[deleted]
hx0b2h,Godzilla spotted over Derby.,,https://i.redd.it/e9ysf2n5msc51.jpg,1595591144.0,86,0.88,13,CasualUK,rmf1989
hwzexy,View of Bristol from Clifton suspension bridge,,https://i.redd.it/klnutomt8sc51.jpg,1595586663.0,90,0.94,44,CasualUK,bobfric
hwyups,Bored and seriously considering changing my WiFi router name to ‚Äò5g Mast Underground Prototype‚Äô to see if I can cause drama on the local neighbourhood Facebook group.,,https://www.reddit.com/r/CasualUK/comments/hwyups/bored_and_seriously_considering_changing_my_wifi/,1595583522.0,886,0.97,115,CasualUK,rox-and-soxs
hwxvdv,Maybe going a bit far there...,,https://i.redd.it/3fupexooirc51.jpg,1595577873.0,394,0.98,58,CasualUK,Redgloveslo
hwxnag,Day 65: The wife‚Äôs sunflowers have deemed me unworthy of using the satellite dish,,https://i.redd.it/oug0zsiuerc51.jpg,1595576581.0,88,0.98,3,CasualUK,FlyLikeAMouse
hwxn80,Ignore the ¬£20 note.,[deleted],https://imgur.com/Nef7D2E,1595576566.0,45220,0.95,362,CasualUK,[deleted]
hwx6v5,Tesco has advice for those facing domestic abuse on their receipts.,,https://i.redd.it/gtool3gltmc51.jpg,1595574130.0,201,0.97,42,CasualUK,richh00
hwp64w,Somewhere in North Yorkshire,,https://i.redd.it/bij59eftjoc51.jpg,1595541937.0,262,0.98,11,CasualUK,ShiftyDiscoDragon
hwovtz,An actual photograph of Beverley Swimming Pool.,,https://i.redd.it/jd1umyczgoc51.jpg,1595541004.0,1120,0.99,49,CasualUK,essentialatom
hwo7iq,A waterfall I found on my run today,,https://i.redd.it/6a5x713caoc51.jpg,1595538742.0,173,0.98,6,CasualUK,Yeahnofucks
hwmuq5,"This box arrived for me yesterday and made my cry like I'd trapped me nadgers in an electric gate. I'm gonna be living like a king, thanks to a beautiful bit of kindness.",[deleted],https://i.redd.it/cwre4cekwnc51.jpg,1595534346.0,206,0.86,28,CasualUK,[deleted]
hwmebh,Robin Hood's Bay - North Yorkshire,,https://i.imgur.com/kzPzqUw.jpg,1595532934.0,1922,0.99,55,CasualUK,pedrosanchezz
hwlt9i,Do anyone else find our mainstream TV programming pretty patronising?,"I don't really watch TV most of the time, but sometimes I will sit with a family member who's watching one of the big mainstream channels (BBC, ITV, Channel 4) for a bit and I can't believe how patronising they are, most of the hosts talk to members of the public or address us at home like grown up children, putting everything in super layman terms and speaking to us in a tone that insinuates that we don't know any better.

For example, there was some programme on about healthy eating and saving money, and the way they spoke you'd think they were talking to 10 year olds, saying things like ""exercise is good for you"" ""vegetables are part of a good diet"" do they really think we are that stupid? The whole tone of the show, and many others, was as if we were all stupid little babies.

Do anyone else find this to be the case?",https://www.reddit.com/r/CasualUK/comments/hwlt9i/do_anyone_else_find_our_mainstream_tv_programming/,1595531114.0,96,0.96,79,CasualUK,DP646
hwlh4u,"Hope Cove today, South Devon.",,https://i.redd.it/s7rnjj9kknc51.jpg,1595530075.0,151,0.98,12,CasualUK,wipeitonthecat
hwk11e,And you're sure that's the name you're going with?,,https://i.redd.it/1tinaw2b7nc51.jpg,1595525638.0,300,0.98,20,CasualUK,JesseBricks
hwjs36,"Local water company are replacing some infrastructure at the bottom of our road, as we and our neighbours have been having issues with the water flow on our shared supply. Mistakes may have been made...",,https://i.redd.it/lndrgmrr4nc51.jpg,1595524879.0,123,0.97,6,CasualUK,Zebra_Sewist
hwjo6w,"As far as I'm aware, there are two types of Brit; Those who liked these bad boys and those who are wrong.",,https://i.redd.it/0i10we744nc51.jpg,1595524542.0,424,0.96,71,CasualUK,Quantum_Key
hwheuk,It's amazing what you can grow in our climate,,https://i.imgur.com/OlMIAye.jpg,1595517366.0,121,0.99,9,CasualUK,vulfneck
hwf1y7,"Dad joke. My wife asked me to bring her ""mustard"" bag from the kitchen.",,https://i.redd.it/4nx1e50islc51.jpg,1595508539.0,634,0.97,40,CasualUK,killer_ragdoll
hwew85,The right combination of sun and rain has led to my third wave of massive lilies.,[deleted],https://i.redd.it/3i8azipiqlc51.jpg,1595507865.0,190,0.99,15,CasualUK,[deleted]
hwelmn,Personally I think it‚Äôs Tzatziki,,https://i.redd.it/2bg29wkjmlc51.jpg,1595506526.0,1110,0.98,22,CasualUK,A_Bap
hwd3cp,My weeds are out of control but my roses are beautiful.,,https://i.redd.it/53t3d4vozkc51.jpg,1595498840.0,74,0.99,4,CasualUK,kohilinthibiscus
hwcpf0,Rough night for this Unicorn.,,https://i.redd.it/y1ky0pv4tkc51.jpg,1595496637.0,180,0.98,16,CasualUK,frailstateofmind_
hwcak2,Do they still do the thing in UK primary schools where you walk around giving old never to be used tins of food to old people in the village for the harvest festival?,,https://www.reddit.com/r/CasualUK/comments/hwcak2/do_they_still_do_the_thing_in_uk_primary_schools/,1595494303.0,71,1.0,46,CasualUK,chocolatecockroach
hwbzq5,Phrases that annoy you,"Good morning

Let‚Äôs talk phrases. We had words recently. This is all about phrases.

For example ‚Äòwax lyrical‚Äô. I know what it means, I just don‚Äôt like it. It doesn‚Äôt sound like it should work or make sense. It‚Äôs like two random words pulled out of a sack and shoved together in a marriage neither agreed to. I refuse to use it for this reason. Awful phrase.

What gets on your tits? Does the phrase ‚Äògets on tits‚Äô wind you up? How about ‚Äòlive, life, laugh‚Äô?

What phrases annoy you and why?",https://www.reddit.com/r/CasualUK/comments/hwbzq5/phrases_that_annoy_you/,1595492635.0,171,0.94,641,CasualUK,Old-Blighty
hwbm2h,Posts get cold too,,https://i.redd.it/y4xyrxrnakc51.jpg,1595490476.0,106,0.98,16,CasualUK,kinotico
hway8o,Most dangerous stretch of water in the UK and World.,,https://youtu.be/mCSUmwP02T8,1595486721.0,83,0.95,23,CasualUK,MaximumPreparation3
hw0rol,You ain‚Äôt seen me... right!,,https://i.imgur.com/sZ5WQ9n.jpg,1595447567.0,73,0.95,6,CasualUK,liketo
hvz7ru,"Borrowdale Valley, Lake District",[deleted],https://i.redd.it/1nxvqcspcgc51.jpg,1595442701.0,128,1.0,7,CasualUK,[deleted]
hvygzn,Local Tesco's selling Australian chocolate bars.,,https://i.redd.it/bbu6li6p5gc51.jpg,1595440338.0,785,0.96,44,CasualUK,jess-star
hvy8oh,"Have to say the bloke at Kew Gardens did a much better job but here's me a few years back in Lynton, Devon.",,https://i.redd.it/vewcmnfj3gc51.jpg,1595439600.0,188,0.94,7,CasualUK,someguynotthatone
hvxcf7,"My friends dad, blowing off steam at Kew Gardens London",,https://v.redd.it/wu49lfs2vfc51,1595436768.0,35168,0.93,312,CasualUK,WillGrindForXP
hvwd4a,Comet NEOWISE from East Sussex last night.,,https://i.redd.it/ur7ehw89lfc51.png,1595433614.0,63,0.94,10,CasualUK,Jazzems
hvvnn8,Which one of your drunkards painted this path?!,,https://i.redd.it/v3ry56gjefc51.png,1595431269.0,144,0.96,23,CasualUK,Capital_Tailor
hvvi2o,Any questions?,,https://i.redd.it/q0735586dfc51.jpg,1595430733.0,458,0.99,38,CasualUK,servedupward
hvtx58,Nice walk out in the cool last night and spotted these two.,,https://i.redd.it/vqp0ei09wec51.jpg,1595425053.0,135,0.97,16,CasualUK,ThreeBikes
hvt0h3,Found the most useless gate in London,,https://i.redd.it/q0ty4qgflec51.jpg,1595421434.0,195,0.98,24,CasualUK,TheButtSmuggler
hvs1aq,Sunset Over Wheal Coates Tin Mine in Cornwall,,https://i.redd.it/xre440ss7ec51.jpg,1595417006.0,101,0.99,9,CasualUK,OddChair
hvrufh,This is so 2020.,,https://i.redd.it/fkkbc20h5ec51.png,1595416037.0,471,0.99,33,CasualUK,Rooferkev
hvrox4,Godshill. Isle of Wight,,https://i.redd.it/ui3adws43ec51.jpg,1595415289.0,262,0.99,26,CasualUK,BobMcCully
hvrcui,A wild Donner in London,[deleted],https://i.redd.it/u1dyx5h2ydc51.jpg,1595413547.0,279,0.98,40,CasualUK,[deleted]
hvqnw6,My postman knew exactly what he was doing when he banded our parcels together,,https://i.redd.it/f6jwdm7zmdc51.jpg,1595409821.0,10028,0.92,206,CasualUK,Chuncster
hvp5q0,Sunflowers not as good as Kids hoped for.,,https://i.redd.it/kdke547izcc51.jpg,1595401925.0,211,0.97,31,CasualUK,thebluebeatle
hvmcr2,Zonked out watching Red Dwarf... Woke up to DaveStation,,https://v.redd.it/stla918pvbc51,1595388809.0,407,0.98,33,CasualUK,justakuikskwiz
hvlbmr,Just heard a noise and then a torch in my neighbour‚Äôs garden so chucked on whatever was nearest and knocked their door,Turns out they weren‚Äôt being robbed but have recently been enjoying hedgehogs at 3am. Felt a right tit and I nearly phoned police as I was leaving the house. My heart is still pounding from the adrenaline,https://www.reddit.com/r/CasualUK/comments/hvlbmr/just_heard_a_noise_and_then_a_torch_in_my/,1595384735.0,84,0.95,15,CasualUK,BonnetDeDoucheBag
hvjcet,Winter. Then you realise; I still need to drive to work.,,https://i.redd.it/vhwdfni7yac51.jpg,1595377273.0,169,0.95,31,CasualUK,narbss
hvgqmj,A missing tortoise handed himself into Exeter police station 5 days after his disappearance. He was detained for trespassing,,https://i.redd.it/yicsud6k7ac51.jpg,1595368311.0,247,0.99,12,CasualUK,MyNamesEJ
hvglpf,Most straight to the point painted stone found so far...,[deleted],https://i.redd.it/m6abvto96ac51.jpg,1595367877.0,189,0.93,2,CasualUK,[deleted]
auitua,Looking forward to the sequel to ‚ÄúThe Girl With the Dragon Tattoo‚Äù,,https://i.redd.it/vf1mo96kaoi21.jpg,1551082317.0,122,0.9,10,CasualUK,umpstalumpsta
auiq8h,A couple of weeks ago I posted about driving back from Scotland. Today I have to do this monstrosity. I don't think I'm getting any rest until at least 7:45. Taking all guesses. Fyi: Broadstairs is a meeting at 3 and South Mimms is a services car swap.,,https://i.redd.it/mpvml3fa8oi21.jpg,1551081558.0,66,0.86,44,CasualUK,Famous_Stelrons
auiow4,"If in doubt, use ALL the apostrophe's'",,https://i.redd.it/36yaze187oi21.jpg,1551081250.0,515,0.97,62,CasualUK,[deleted]
aui3kt,"This Brick work in Otley, Yorkshire, UK",[deleted],https://i.redd.it/4368g7efcmi21.jpg,1551076755.0,289,0.98,43,CasualUK,[deleted]
auhxet,Monday morning m‚Äôthread,"[Happy Monday](https://i.imgur.com/U8BvxbJ.jpg) did everyone have a nice weekend? 

What‚Äôs going on this week then? Anyone doing anything nice or just happy to be sending the kids back to school? 

I am going to be slammed at work this week so going to make myself a brew and settle in for a long day. ",https://www.reddit.com/r/CasualUK/comments/auhxet/monday_morning_mthread/,1551075517.0,48,0.95,208,CasualUK,GFoxtrot
auguk7,Our very own Olivia Colman wins the Oscar!,,https://twitter.com/empiremagazine/status/1099881681232846860?s=19,1551068462.0,510,0.96,97,CasualUK,suarridge
audic9,Have you seen Joy Morgan? She's been missing since boxing day but the story isn't getting much media coverage despite continued appeals from the police &amp; her family.,,https://i.redd.it/q0l340xveli21.jpg,1551047586.0,5601,0.96,109,CasualUK,it_am_silly
aucwqm,"A fair warning, this muppet got a glowing nose after a sunny day down at Caswell Bay!",,https://i.redd.it/0u6m6a0a5li21.jpg,1551044220.0,185,0.98,11,CasualUK,ron_mcphatty
aucw7m,Saw this and thought of this sub,,https://v.redd.it/y7usbkg6qji21,1551044136.0,78,0.93,19,CasualUK,[deleted]
auctsx,Welsh mountain ponies grazing near Conwy in Snowdonia National Park.,,https://i.redd.it/iokwosbx3li21.jpg,1551043770.0,171,0.98,7,CasualUK,DominoLeBroque
auciwm,"Sea looks pretty cool today, with a slightly eerie mist.",,https://i.redd.it/147iybwzyki21.jpg,1551042107.0,120,0.97,7,CasualUK,ThePhantomAli
aucdcj,Look what I found in Berlin! I think it is a homage to the British zone occupied after WWII,,https://i.redd.it/4biylgtfwki21.jpg,1551041252.0,226,0.98,17,CasualUK,_lotte
auc50r,They taught this in school?,,https://i.redd.it/s20kn2raiji21.jpg,1551039993.0,290,0.95,143,CasualUK,MFBeast
auaa9y,If anyone needs someone else‚Äôs school photos from the 90s Ashton Market has you covered!,,https://i.redd.it/cp7q1xuvyji21.jpg,1551029991.0,157,0.98,26,CasualUK,idlewildgirl
aua3xg,A year ago today I posted here because my mums red and white 2CV had been stolen in Manchester. We found Georgie stripped of all parts about 2 miles away. Yesterday my mum picked Georgie up fully restored. Thank you for all your support and help! (Pictured here with my red special 2CV Flo),,https://i.redd.it/ou2pjmc5wji21.jpg,1551029046.0,5473,0.97,137,CasualUK,elizadont
au9yr0,Priorities when you're in the pub,,https://imgur.com/r8DHs9C,1551028251.0,177,0.98,4,CasualUK,OshiSeven
au9mke,"Britons, don‚Äôt mix your taps",,https://i.redd.it/k72fh7i1oji21.jpg,1551026314.0,2388,0.97,199,CasualUK,Thejaybomb
au9hqs,Lovely Sunday afternoon walking around Poole harbour,,https://i.redd.it/el4zodeolji21.jpg,1551025521.0,54,0.96,4,CasualUK,trickytree1000
au9e0i,A Rainbow of Stones.,[deleted],https://i.redd.it/wddet9t7fii21.jpg,1551024898.0,67,0.95,1,CasualUK,[deleted]
au94di,I really like seeing tourists in the UK getting excited about telephone boxes!,,https://i.redd.it/ay2elxlseji21.jpg,1551023207.0,893,0.99,64,CasualUK,theangriestboi
au8spa,"It‚Äôs February, the suns out, it‚Äôs BBQ time.",,https://i.redd.it/shkw0x0g8ji21.jpg,1551021070.0,1011,0.96,76,CasualUK,LifeAquatics
au87n8,Have you ever been so mad that your business has gone down you got the council to put a sign up?,,https://imgur.com/rZcm3y4,1551017003.0,316,0.99,7,CasualUK,GHolding
au7xg1,Doing this in February goes against everything I was raised to believe in but I have no regrets.,,https://i.redd.it/0zv14qcxpii21.jpg,1551014846.0,94,1.0,45,CasualUK,Cronnie123
au7oi3,Classic UK,,https://i.redd.it/iad6tkkhjii21.jpg,1551012682.0,72,0.95,28,CasualUK,CoyneDawg
au7mio,A certain company has a monopoly on cards.... Happy 60th Dad :),,https://i.redd.it/mb9zp8v3iii21.jpg,1551012212.0,61,0.98,4,CasualUK,CyranoYoshi
au7fsn,"From last night at Cream Classics inside the Anglican Cathedral, Liverpool. Dance anthems played by a live orchestra in a cathedral.",,https://i.redd.it/sylhz75gcii21.jpg,1551010505.0,89,0.98,7,CasualUK,anagoge
au75uo,Boeing doing tv ads...,[deleted],https://www.reddit.com/r/CasualUK/comments/au75uo/boeing_doing_tv_ads/,1551007907.0,91,0.97,30,CasualUK,[deleted]
au6xm1,Richard Osman found some lovely graffiti,,https://imgur.com/vUO1FhS,1551005673.0,211,0.97,13,CasualUK,TheKhaosUK
au6upl,Wouldn't have guessed it was February in North Norfolk,,https://imgur.com/M0tiL9V,1551004874.0,79,0.97,5,CasualUK,benjimaestro
au6ibf,Strong security in Cardiff Bay,,https://i.redd.it/z5b4iju1mhi21.jpg,1551001438.0,214,1.0,14,CasualUK,[deleted]
au660i,"Watch out Glasto, there's a new festival in town",,https://i.redd.it/g87ueu2sbhi21.jpg,1550997985.0,726,0.99,53,CasualUK,DevilBadger
au3tto,"Earliest known photo of Doner Kebab, from 1855 in the Ottoman Empire",,https://i.redd.it/h4pjicjx3di21.jpg,1550979060.0,191,0.99,19,CasualUK,steventhegoat
au3se9,So this is what you lot got up to at that meet...,,https://i.redd.it/4453bajwedi21.jpg,1550978787.0,51,0.82,22,CasualUK,[deleted]
au0wkm,Here be dragons,,https://i.imgur.com/60WCjeL.jpg,1550960544.0,1315,1.0,51,CasualUK,aloofloofah
au0vwi,Saw the 100 Hands tattoo exhibition in Ayr last weekend. Very interesting artwork by some of the UK‚Äôs best tattoo artists.,,https://i.redd.it/ok1c9fc58ei21.jpg,1550960438.0,75,0.96,10,CasualUK,FunnyGrump
au0rmz,The magnificent dam of Scar House Reservoir in the Yorkshire Dales,,https://i.imgur.com/ihapCOk.jpg,1550959718.0,234,1.0,15,CasualUK,President-Nulagi
au0bpu,My northern friend who struggles to say no! (Best read in a Northern accent),,https://i.redd.it/i2i2mo6cydi21.jpg,1550957138.0,92,0.94,21,CasualUK,8_Bit_Tony
au093q,I love Nottingham,,https://v.redd.it/ez10u0vmuci21,1550956715.0,137,0.93,11,CasualUK,Teckham
au03ct,You know your town is classy when they have to lock up the life saving emergency equipment,,https://i.redd.it/ty2x5npztdi21.jpg,1550955795.0,88,0.99,15,CasualUK,dorgoth12
atzhvm,Anyone sheffield (s8) area seen this little guy? He's not been in since early today and we're getting worried,,https://i.redd.it/9f8clo8dkdi21.jpg,1550952438.0,310,0.96,30,CasualUK,mattyus9000
atynqq,Show us your tits (failed CasualUK meetup pic),,https://i.redd.it/n9s37lwt6di21.jpg,1550947889.0,8329,0.94,554,CasualUK,Tuna_Surprise
aty5x1,Every single pub beer garden in the uk today,,https://imgur.com/zp1EPaJ,1550945151.0,260,0.99,23,CasualUK,kingnottingham
atxvhy,My friend just got married in Cornwall. This was the sunset that evening - stunning!,,https://i.redd.it/im1x7dvstci21.jpg,1550943504.0,144,0.98,6,CasualUK,Little_Numbers
atxeib,Feeling relaxed knowing I am paying for something I don‚Äôt use.,[deleted],https://i.redd.it/hc1yxz6ylci21.jpg,1550940863.0,60,0.94,49,CasualUK,[deleted]
atxdt1,People of Colchester. Why. Does.This. Exist.,,https://imgur.com/Zf0wWvx.jpg,1550940752.0,86,0.93,59,CasualUK,featurenotabug
atx6hg,This guy smoking a hookah in his car driving through the crowds in Richmond,,https://i.redd.it/jj0m6sh3ici21.jpg,1550939570.0,78,0.98,17,CasualUK,everyonelse
atwv1t,It‚Äôs February.,,https://i.imgur.com/jW83eWB.jpg,1550937676.0,194,0.98,22,CasualUK,DylanP93
atw7ya,These biscuit presses,,https://i.redd.it/fuchwis2sai21.jpg,1550933544.0,194,0.99,22,CasualUK,emailrob
atw08y,Sunny Angel Of The North,,https://i.redd.it/th7tjpkuvbi21.jpg,1550932086.0,138,0.99,10,CasualUK,DrSquare
atvrc2,Shagger,[deleted],https://v.redd.it/qom8fzdiqbi21,1550930320.0,306,0.97,17,CasualUK,[deleted]
atvmau,Tally Ho!,,https://i.redd.it/qcoec5bnnbi21.jpg,1550929327.0,59,0.99,15,CasualUK,LMcScottish
atvjrm,This Photoshop Cracked me up ..,,https://i.redd.it/se0hezeulbi21.jpg,1550928817.0,81,0.84,3,CasualUK,wadeybb
atvffj,Bought some rhubarb and custard bonbons but then had to fix them.,,https://i.redd.it/c65zhzphjbi21.jpg,1550927946.0,102,0.96,5,CasualUK,JEZTURNER
atves4,Local Sainsbury‚Äôs keeping it real.,,https://i.redd.it/mp3fo7s4jbi21.jpg,1550927810.0,268,0.96,11,CasualUK,foregonemeat
atv30w,What's your favourite street sign?,,https://i.redd.it/02m9i4h3cbi21.jpg,1550925442.0,83,0.98,33,CasualUK,bathroommatt
atv2tq,"2nd Gardening Weekend of 2019, the boss is very strict on break (cuddle) times",[deleted],https://i.redd.it/3c1b9y5ybbi21.jpg,1550925403.0,140,0.97,12,CasualUK,[deleted]
atumzf,Have I hit peak British? Local chippy named a special after me because I go so often.,http://imgur.com/gallery/WSrwyJu,https://www.reddit.com/r/CasualUK/comments/atumzf/have_i_hit_peak_british_local_chippy_named_a/,1550921947.0,437,0.99,94,CasualUK,TehHappyNarwhal
atui0v,I love a good stately home. Blenheim looking particularly resplendent yesterday.,,https://i.redd.it/por1xm5qtai21.jpg,1550920772.0,189,0.99,8,CasualUK,_MicroWave_
atug3u,My DPD delivery man found a novel way of leaving our property this morning.....,,https://v.redd.it/8lr8ul7rwai21,1550920359.0,58,0.98,7,CasualUK,Francis-c92
atud1m,Slough looked nice this morning,[deleted],https://i.redd.it/lgol9opuuai21.jpg,1550919643.0,124,0.94,22,CasualUK,[deleted]
atucon,"If an Englishman makes breakfast in Ireland, is it still a full English? What are the rules?",,https://i.imgur.com/lWJcKeU.jpg,1550919561.0,70,0.85,63,CasualUK,trentonchase
atu7ui,Ha. Ok Richard.,,https://i.redd.it/ax1048lbrai21.jpg,1550918460.0,364,0.99,35,CasualUK,notaballitsjustblue
atu2q3,DPD messes up delivery for my sons birthday present taking them over a week to deliver his computer. Fortunately it arrived just in time eventually. They sent us this today. I‚Äôm no longer mad at them.,,https://i.redd.it/hhonh7ntnai21.jpg,1550917283.0,240,0.9,51,CasualUK,Grownuppieceofjizz
atu2dl,It‚Äôs time to admit The 1975 are the lamest band in the world right now,,https://thetab.com/uk/2019/02/21/its-time-to-admit-the-1975-are-the-lamest-band-in-the-world-right-now-93492?utm_source=professionalxpost&amp;utm_medium=national&amp;utm_campaign=xpost,1550917208.0,131,0.83,134,CasualUK,AonghusMacKilkenny
attq19,"I don't know lads, definitely seems like a good deal to me",[deleted],https://i.redd.it/2a8ubsx5fai21.jpg,1550914367.0,903,0.97,68,CasualUK,[deleted]
attpn2,Made my 5th Blood Donation yesterday! (Blood donation signup details in comments),,https://i.redd.it/nkpb3neveai21.jpg,1550914269.0,114,0.9,92,CasualUK,Willyamsss
attmwh,Tesco worker has got this down to a fine art!,,https://v.redd.it/753mqr3317i21,1550913643.0,1834,0.97,43,CasualUK,QueenieQueeferson
attj4w,"Went to Manchester, decided not to follow sign and park down this street...there was just something about it...that said ‚Äúnope‚Äù...",,https://i.redd.it/6p5xprwaaai21.jpg,1550912733.0,16014,0.94,716,CasualUK,Quattro-Formaggio
atp3r7,"3 years ago tomorrow, I asked a girl to go on a date with me, tomorrow I‚Äôm asking her to marry me. I‚Äôm cacking my pants.","Update :

She said yes!!!!
Everything went according to plan! Massive thanks to her mum dad and brother that helped it all go smoothly, she didn‚Äôt read the poem out loud like I‚Äôd hoped but she got to the end and started crying her dad asked what that last bit said and she said will you marry me out loud and friend I came through the kitchen door after sneaking into the house. When I saw her I just wanted to hug and kiss her so I didn‚Äôt get on one knee and the porch was a little bit cramped with the whole family gathered at the front door üòÇ
She cried I cried her mum cried her dad even had a tear streaming. Then within about 8 minutes her mum saw the ring properly and screamed ‚Äúfor fuck sake it‚Äôs bigger than mine, I‚Äôm gunna have to get a new one‚Äù 

Second update:

I‚Äôve had a few drinks and words cannot describe how happy I am. Thank you r/casualuk for your well wishes and for being an amazingly wholesome place! Over a thousand upvotes and loads of comments wishing us well, all from complete strangers. It‚Äôs a cliche but it truly restores my faith in humanity! Thank you all. Buy a hat!",https://www.reddit.com/r/CasualUK/comments/atp3r7/3_years_ago_tomorrow_i_asked_a_girl_to_go_on_a/,1550882182.0,1158,0.95,123,CasualUK,darryl9125
atovsy,Didn‚Äôt realise the cuts were that bad. Now we can only afford stick policemen,,https://i.imgur.com/FILiDKg.jpg,1550880846.0,82,0.95,12,CasualUK,MrAnalytics
atmxjy,"Wow, found some quality tat on my local Facebook market place!",,https://i.redd.it/ac5u8pycr6i21.jpg,1550870043.0,290,0.97,37,CasualUK,DisneyBounder
atmgry,Went to bridlington wild life park. Cheeky sod,,https://i.imgur.com/Gb0XGuB.jpg,1550867690.0,59,0.93,9,CasualUK,thisiscotty
atmg27,Absolute classic.,,https://i.redd.it/xx7qmx42k6i21.jpg,1550867587.0,147,0.97,14,CasualUK,HamSandwich13
atk610,Possibly a little early in the year?,,https://imgur.com/zQjbzrC,1550855851.0,113,0.94,28,CasualUK,adamlc
atjxaf,Who‚Äôs excited for 5G? Not the fella who paid to put this up in the newsagent!,,https://i.redd.it/sjpkd76qh5i21.jpg,1550854706.0,151,0.98,108,CasualUK,clouddyl
atimuf,Pub jokes,,https://v.redd.it/8lje756hl2i21,1550848051.0,180,0.94,5,CasualUK,omza
atikgd,Summer is flirting with us today ladies and gentlemen,,https://www.reddit.com/r/CasualUK/comments/atikgd/summer_is_flirting_with_us_today_ladies_and/,1550847711.0,65,0.94,33,CasualUK,thatguy9921
aticg6,*Sipping intensifies*,,https://i.redd.it/lvhqyet9t4i21.jpg,1550846470.0,868,0.99,116,CasualUK,ThaiBoxer09
ath09o,Good to see a builder hard at work.,,https://i.redd.it/pyu4mq8lb2i21.jpg,1550838476.0,168,0.96,6,CasualUK,SkipsH
atgzsy,Bad Bargain Lane isn‚Äôt the best address for a shop,,https://i.redd.it/wy57fhd854i21.jpg,1550838392.0,109,0.97,7,CasualUK,molehill
atgyor,As seen on Facebook Marketplace,,https://i.redd.it/beozy65n44i21.jpg,1550838188.0,110,0.95,22,CasualUK,littleheron
atggtz,"Was talking to a student about periods when a man at work stopped by my desk and said 'mmm, lovely' before licking his lips. Good thing he clarified that he meant the cakes.",,https://i.redd.it/p8x7xtr1v3i21.jpg,1550834966.0,94,0.94,18,CasualUK,imdatingbatman
atgc1f,Devastating! Uber Eats has no respect for the Scone.,[deleted],https://i.redd.it/oaskxlw3s3i21.jpg,1550833972.0,72,0.97,20,CasualUK,[deleted]
atg8z7,Sunrise over the Sunderland coast and my dog wondering why on Earth we're out this early.,,https://i.redd.it/lky617qdq3i21.jpg,1550833394.0,57,0.96,4,CasualUK,ImperialTemptress
atg70u,Tesco's Finest Loss Prevention,,https://i.redd.it/v0lfd1j8p3i21.jpg,1550833008.0,61,0.95,12,CasualUK,Custardslut
atg4fg,That's the last time I try and string along a scammer,,https://i.redd.it/awzsv66jn3i21.png,1550832483.0,82,0.9,26,CasualUK,rinosaur
atftpt,Oh my,,https://i.imgur.com/HHWTqLg.gifv,1550830217.0,446,0.96,37,CasualUK,zZ_DunK_Zz
atftih,I was transported into a real life Turner painting this morning,,https://i.redd.it/oje5qsyng3i21.jpg,1550830172.0,230,0.98,5,CasualUK,Dr-Werner-Klopek
atfmu9,At least buy me a drink first.,,https://i.imgur.com/94r33hz.png,1550828711.0,123,0.97,7,CasualUK,meabhr
atfa88,Happy birthday to the kid from Hot Fuzz,,https://i.redd.it/bvw7z7zu33i21.jpg,1550825817.0,44861,0.94,480,CasualUK,thelastonesleft
atf9ie,I don‚Äôt know what to make of this... is it an abomination or the next evolution of tea? Credit to u/murkygoose,,https://i.redd.it/gdemfh2fu1i21.jpg,1550825670.0,81,0.96,14,CasualUK,clarky9712
atezft,Today is a good day,"Not only is it Friday and the forecast is (was) sunshine, but today for the first time this year where I live, the sun will set (17:31) after I finish work (17:30).",https://www.reddit.com/r/CasualUK/comments/atezft/today_is_a_good_day/,1550823346.0,120,0.98,28,CasualUK,mark_b
at9lh9,Have just watched this about 40 times in a row and cant see for tears üòÇüòÇüòÇ,,https://v.redd.it/via1s6zl20i21,1550789111.0,72,0.92,12,CasualUK,ImperialTurner
at8kwi,Sainsbury's self checkout uses windows 98 apparently...,,https://cdn.discordapp.com/attachments/256921097117761556/548199444299120664/20190221_174504.jpg,1550783799.0,140,0.84,42,CasualUK,Treners
at8b2o,Doner kebab madras. The pinnacle of single bloke cuisine?,,https://i.imgur.com/CL9ru5D.jpg,1550782433.0,150,0.93,46,CasualUK,Cuntsmasher79
at7yy6,Euston train station apologising for the toilets being free to use,,https://i.redd.it/p4s6000qdzh21.jpg,1550780735.0,348,0.99,31,CasualUK,goodtimeghoul
at7lzu,Anyone had a go at this yet?,,https://imgur.com/b6deHY1,1550778930.0,100,0.92,45,CasualUK,ye_ma
at7ioc,Spotted this walking through Bethnal Green yesterday,,https://i.redd.it/z3rsntvx6zh21.jpg,1550778462.0,528,0.97,17,CasualUK,kezzerb
at7imz,Oh Jesus Christ,,https://i.imgur.com/CpJHuz1.jpg,1550778457.0,5474,0.98,151,CasualUK,VenusLake
at7fxx,"Bonking Time, I loves a bit of bonking! (Missed this is a child)",,https://youtu.be/1feYxwwn0eM?t=374,1550778089.0,66,0.96,16,CasualUK,DohRayMe
at7aw6,Ikea Birmingham still representing the frogbin community...,,https://i.redd.it/eoix9t2w3zh21.jpg,1550777401.0,961,0.99,35,CasualUK,clarky9712
at6yhc,"The regret after leaving for work this morning in the winter coat, and absolutely MELTING on the journey home",[deleted],https://www.reddit.com/r/CasualUK/comments/at6yhc/the_regret_after_leaving_for_work_this_morning_in/,1550775671.0,54,0.94,11,CasualUK,[deleted]
at6u9g,George Ezra was described as the ‚ÄòPrius of Pop‚Äô at the Brits yesterday. So here‚Äôs the ‚ÄòHilux of Heavy Metal‚Äô,,https://i.redd.it/adel9hgywyh21.jpg,1550775075.0,72,0.93,25,CasualUK,HandwrittenHysteria
at6tu0,When the closed captions give a bit too much info,,https://i.imgur.com/ZCnmTe4.png,1550775014.0,465,0.99,15,CasualUK,n00b-holocaust
at66pb,These batteries OK to use?,,https://i.redd.it/xej8lzmenyh21.jpg,1550771860.0,56,0.94,22,CasualUK,LogitechCorei5
at5mtn,A very kind person in our building had two Pizza Express pizzas leftover from an event and just gave them to us at 5pm!,,https://i.redd.it/p74695fffyh21.jpg,1550769174.0,103,0.92,41,CasualUK,Manihoohaa
at5mim,There‚Äôs no way he‚Äôs not British,,https://i.redd.it/0b5h86h9fyh21.jpg,1550769133.0,290,0.92,18,CasualUK,chRisti8n
at5ki4,A colourful team on The Chase tonight,,https://i.redd.it/8wn6bapheyh21.jpg,1550768859.0,215,0.96,17,CasualUK,Fires_Of_Fury
at5dfk,Just your typical British passive agression,,https://i.redd.it/a4ka0zwibyh21.jpg,1550767900.0,75,0.95,4,CasualUK,Davster
at5bs3,Bloody foreigners,,https://i.redd.it/ntytp4byayh21.jpg,1550767669.0,76,0.93,12,CasualUK,Nxsclothing
at4oq5,Good to see trains running as expected. Good-oh.,,https://i.redd.it/dvdvz0rf1yh21.jpg,1550764478.0,174,0.97,30,CasualUK,foregonemeat
at4334,Slow news day at the BBC it seems,,https://i.imgur.com/y1Yp7w9.jpg,1550761243.0,137,0.97,14,CasualUK,a_Greyy
at3zln,Morrisons finally named a cookie after me!,,https://i.redd.it/0xv6odu7qxh21.jpg,1550760695.0,852,0.99,27,CasualUK,clouddyl
at3wo3,Well that's annoying,,https://imgur.com/tYOc3PK,1550760232.0,135,0.95,18,CasualUK,AimingTechs
at3w06,"What's the nicest thing a stranger has ever said, or done for you?",[deleted],https://www.reddit.com/r/CasualUK/comments/at3w06/whats_the_nicest_thing_a_stranger_has_ever_said/,1550760121.0,60,0.97,44,CasualUK,[deleted]
at2gtb,She's a thing of beauty. CasualUK flag!,,https://i.redd.it/0vx8iwb6ywh21.jpg,1550751266.0,370,0.92,47,CasualUK,JellyBunnyx
at2az6,Finally got some time to ourselves! Been a hetic month with work and fixing cars. Packed up the shed and took it to Cornwall. First day I can remember where we have absolutely nothing to do. Bliss!,,https://i.redd.it/8otwmetwuwh21.jpg,1550750173.0,144,0.98,19,CasualUK,spuddy_spud_spud
at1y9s,Saw this and thought of us,[deleted],https://i.redd.it/fcavh68rmwh21.jpg,1550747438.0,16379,0.94,183,CasualUK,[deleted]
at1in0,Wtfffffff,,https://youtu.be/pGVO_4ocrpA,1550743869.0,217,0.94,36,CasualUK,smkttn
asxdgy,How would you feel if you went out to your work van at 6 in the morning here and found this note on your windscreen?,,https://i.redd.it/iw7s8qglzth21.jpg,1550715467.0,332,0.98,189,CasualUK,[deleted]
asxd5n,Finding a fellow Brit in Seattle by tracking their droppings,,https://imgur.com/m0kJhOJ,1550715415.0,264,0.98,26,CasualUK,davidukfl
asvnjt,Peppa pig.,,https://i.imgur.com/pMKWjoE.jpg,1550706185.0,271,0.95,16,CasualUK,louissanderson57
asvif0,Living in America it‚Äôs hard to get good banter. üëèüëè,,https://i.redd.it/5o9jn1306th21.jpg,1550705468.0,717,0.98,37,CasualUK,hzerban87
asuw2i,Cutting cheese with a knife pretending to be a chainsaw,,https://youtu.be/5jZtuCtsjVA,1550702300.0,50,0.89,12,CasualUK,6dcrgtytc7tddx
asujzp,"Save your kids, reuse your bags. Spotted in the jewel of Newham, East Ham. Twist is, they don‚Äôt actually charge for bags.",,https://i.imgur.com/r4ioIsG.jpg,1550700670.0,84,0.94,10,CasualUK,unhappy_vegetation
ast8md,Me: I make about ten cups of tea a day. American friend: Wow! you really drink ten cups a day?!? Me: No I said I MAKE ten cups a day...,[deleted],https://imgur.com/qh4ZzZB,1550694290.0,644,0.96,70,CasualUK,[deleted]
asslbl,Why is Brick Top on the Chase?,,https://i.redd.it/1ijn999lzrh21.jpg,1550691207.0,336,0.94,46,CasualUK,StarLord1990
assjwm,"Portsmouth + Sun = Summer, right?",,https://i.redd.it/3ofws9a1zrh21.jpg,1550691024.0,53,0.94,8,CasualUK,saxo_life
asscsj,Pharmacy puts their back pain stuff on the bottom shelf,,https://i.redd.it/90qycnej1qh21.png,1550690073.0,565,0.97,27,CasualUK,datfatguy98
asrf33,I know buses are pretty bad but...,"...don't go shouting at the bus driver that the buses are ""always fucking late"" and that they ""drive off while I'm sticking my arm out"". There are children on the bus. And many other passengers. We don't want to hear it. I don't wanna hear it. Especially after a long busy day at work.

And I'll have you know this bus you got on was 3 minutes early. He sat there for 3 minutes before pushing on. I get it, buses are either late or early, but they run on a schedule that can't be guaranteed due to 5'o'clock rush hour.  

To add to the schedule part. If you're late and you're bounding down the street with your arm out like you were seeking Kyle, the bus has an obligation to her/his current passengers especially if the bus was already running late. If this were a train you'd be fucked. 

To sum it up, don't blame public transport for your fault, they're people working jobs too. Got a complaint? Don't complain to the first driver you see when he/she has done nothing wrong. Call or email your complaint.

And on that bombshell, a very big thanks Driver. Don't let the bastards get ya down.
",https://www.reddit.com/r/CasualUK/comments/asrf33/i_know_buses_are_pretty_bad_but/,1550685600.0,77,0.83,37,CasualUK,ILikeToTouchStuff
asqylb,Few parking fines there mate,,https://i.imgur.com/nRcGoUx.jpg,1550683343.0,69,0.92,11,CasualUK,DylanP93
asqu1c,"The ""most helpful"" review of an air mattress found on Argos",,https://i.redd.it/242yeyq4arh21.jpg,1550682714.0,2711,0.98,33,CasualUK,BulkLeather
asp20u,Pet store selling bird seed in Horwich,,https://imgur.com/jc9SzEX.jpg,1550673634.0,295,0.97,15,CasualUK,m3rcutio_
asow4u,You will be missed...,,https://imgur.com/IDJpsl3,1550672703.0,384,0.95,137,CasualUK,whoreison
asoryi,I've been waiting 4 weeks to find out if I got my dream job...,[deleted],https://www.reddit.com/r/CasualUK/comments/asoryi/ive_been_waiting_4_weeks_to_find_out_if_i_got_my/,1550672014.0,50,0.9,27,CasualUK,[deleted]
asomqx,A Challenger II spotted on the M5.,[deleted],https://i.redd.it/lpd9huztsjh21.jpg,1550671203.0,211,0.97,60,CasualUK,[deleted]
aso3d4,Best of British BnB's,,https://i.redd.it/gp0tz3m62qh21.jpg,1550667864.0,216,0.98,30,CasualUK,flukey5
asnfxa,Claims to fame wherever you can get em in Newcastle,,https://i.redd.it/1qc107p1pph21.jpg,1550663447.0,651,0.99,54,CasualUK,[deleted]
asndse,Cut the price of diesel in half they said. ü§∑‚Äç‚ôÇÔ∏è,,https://i.redd.it/h109ja7pnph21.jpg,1550662999.0,272,0.97,33,CasualUK,ts_19_tt
asn8ux,Calm water at the Lake District,,https://i.redd.it/kfc61ivrkph21.jpg,1550662009.0,193,0.96,11,CasualUK,DeadYen
asmuth,Road Closed on the Twenty-Twoth of Feb,,https://i.redd.it/4xe4909ibph21.jpg,1550658927.0,154,0.95,14,CasualUK,Cyryoonake
asmmfb,I found a smug David Beckham amongst this mural in a charity shop.,,https://i.redd.it/oscoi8sz5ph21.jpg,1550657040.0,122,0.99,31,CasualUK,violaquartz
asmif1,Gangsta rapper Eazy-E WILL be memorialised in Newhaven after man's bizarre campaign,,https://www.theargus.co.uk/news/17445197.eazy-e-to-be-memorialised-in-newhaven-after-mans-bizarre-campaign/,1550656137.0,55,0.92,18,CasualUK,[deleted]
asmeyc,I can‚Äôt wait to try this fantastic idea!,,https://i.redd.it/6ltoiqmy0ph21.jpg,1550655350.0,270,0.98,24,CasualUK,EnglishDogRose
asm45m,"I‚Äôve had jam on toast for breakfast, you?","Hovis ‚Äúseed sensations‚Äù bread and Sainsbury‚Äôs basics strawberry jam. Was nice. 

Oh and a cup of Yorkshire tea. What you having?

Edit - loving the variety of different breakfasts! :)

Edit edit - loved your replies I gotta work now so that‚Äôs it from me. Carry on amongst yourselves! ",https://www.reddit.com/r/CasualUK/comments/asm45m/ive_had_jam_on_toast_for_breakfast_you/,1550652925.0,64,0.92,251,CasualUK,[deleted]
aslyec,You had one job!,,https://i.redd.it/6yjeoprmpoh21.jpg,1550651585.0,58,0.89,6,CasualUK,Philzo93
aslvd3,The legend that is Carol C,,http://inews.co.uk/light-relief/offbeat/bacon-and-eggs-photo-viral-facebook-rate-my-plate-this-morning,1550650915.0,51,0.88,35,CasualUK,LoveAGlassOfWine
asls2i,DAE‚Äôs partner/SO get rid of small change by literally throwing it in the bin?,"So I have a bag in a drawer for small change, I know lots of people have like a coin jar or something. Over 2 years into our relationship and I notice my partner doesn‚Äôt appear to have an equivalent. I assumed he knew about mine and was depositing his unwanted pennies and such in there. Recently I asked him about it...
Not only was he unaware of my bag, he admitted to getting rid of his small change by LITERALLY throwing it in the bin. The sodding BIN!? 
Is he the only one? Does anyone else send their pennies to landfill? ",https://www.reddit.com/r/CasualUK/comments/asls2i/daes_partnerso_get_rid_of_small_change_by/,1550650158.0,62,0.91,97,CasualUK,Sansfield
aslleo,Segway for sale in the Manchester area. One careful owner. Open to offers.,,https://i.redd.it/o6r45yuygoh21.jpg,1550648682.0,426,0.97,19,CasualUK,idlewildgirl
asi81a,"It literally says the name on the box, love.",,https://i.redd.it/trn4syvcnmh21.jpg,1550626557.0,625,0.98,23,CasualUK,RassilonsWrestling
asgqug,The great Dorset stinging nettle eating competition,,https://i.redd.it/57sdzthywlh21.jpg,1550617680.0,166,0.97,30,CasualUK,mmmcheezburger
asgeb6,Lucky lad,,https://i.imgur.com/SQkPe0j.jpg,1550615715.0,201,0.96,13,CasualUK,calummeh
asg6b5,Handed to me outside of Stratford Station,,https://i.redd.it/h2xksuovllh21.png,1550614478.0,54,0.91,30,CasualUK,UnholyHatrimony
asfs4a,"Rule, Britannia! Britannia, rule the waves!",,https://i.redd.it/vu2k46o3hlh21.jpg,1550612351.0,188,0.97,23,CasualUK,hughjanus1
asf8bf,From a BBC article about a ‚ÄòFortnite‚Äô festival,,https://i.redd.it/7jx14pkc8lh21.jpg,1550609420.0,2936,0.99,122,CasualUK,greentable01
asdxsn,I got a conjoined mini cheddar in my pack today,,https://i.redd.it/064mbyv5okh21.jpg,1550602621.0,234,0.97,18,CasualUK,dashboardbythelight
asdoe4,Yorkshire pudding gets a new and convenient shape.,,https://i.redd.it/8o6lf4byjkh21.jpg,1550601293.0,64,0.9,35,CasualUK,MarcHT91
asdhha,A father got to meet his newborn daughter just three hours before he died after his wife rushed to his bedside shortly after giving birth.,[deleted],https://www.bbc.co.uk/news/uk-england-beds-bucks-herts-47291837,1550600283.0,60,0.87,11,CasualUK,[deleted]
asd5ff,lazy weekday nights,,https://i.redd.it/4lr80n29ckh21.jpg,1550598609.0,1056,0.98,48,CasualUK,drivingagermanwhip
asco9n,Not so keen to try this takeaway...,,https://i.redd.it/qfaprxqt4kh21.jpg,1550596178.0,94,0.94,7,CasualUK,j1sy
asbn47,Just saw this cat on Escape to the Country,[deleted],http://imgur.com/gallery/BqoCnKF,1550590541.0,548,0.98,23,CasualUK,[deleted]
asbjjq,The modern Sherlock Holmes is a British girl that suspects her man‚Äôs cheating,,https://i.redd.it/wha6qfolmjh21.jpg,1550589982.0,133,0.95,29,CasualUK,you-want-nodal
asamfd,New smartie delivery system,,https://i.redd.it/eoewu94x5jh21.jpg,1550584373.0,54,0.88,31,CasualUK,imladjenovic
asaaw1,Wouldn‚Äôt see this anywhere else,,https://i.redd.it/becigzhjzih21.jpg,1550582228.0,63,0.93,11,CasualUK,willamations
as9vak,"""For local assistance"" I can only assume someone will come and help me put it on",,https://i.imgur.com/cJeJJj7.jpg,1550579196.0,148,0.96,21,CasualUK,AnusOfTroy
as9uac,"Have we gone too far, as a society?",,https://i.redd.it/lygfjkhupih21.jpg,1550578990.0,59,0.93,33,CasualUK,ExploreEdinburgh
as9klq,"Thanks google, I'll just use one of those",,https://i.redd.it/0ai322c1kih21.png,1550577032.0,100,1.0,17,CasualUK,princemephtik
as936o,"Albus Dumbledore, the mega bus.",,https://i.redd.it/p43n76r68ih21.jpg,1550573028.0,476,0.97,20,CasualUK,bighootenannies
as8vew,My snack exchange partner was pretty chuffed with the food I sent. What did I miss?,,https://i.redd.it/vj3cai2i2ih21.jpg,1550571118.0,88,0.92,80,CasualUK,hardy_
as8rol,"After yesterday's Jimmy White hotel room, I present to you Jimmy White sponsored salt.",,https://i.imgur.com/3FiTVjg.jpg,1550570206.0,52,0.9,9,CasualUK,WindyPig
as8q20,Fake words at work,"I'm trying to get the word ""Amendations"" in general use at work. So far I've had two other people use it. I'm hoping it's going to catch on. 

Does anyone else invent words to use at work? Or is it just me?",https://www.reddit.com/r/CasualUK/comments/as8q20/fake_words_at_work/,1550569800.0,80,0.94,75,CasualUK,OcelotVenge
as8pzf,We've reached peak Greggs chaps,,https://i.redd.it/mfizwxhgyhh21.jpg,1550569781.0,925,0.98,126,CasualUK,SEOip
as8lgn,Casually abused by a car this morning,[deleted],https://i.redd.it/lbv28935vhh21.jpg,1550568640.0,33010,0.94,588,CasualUK,[deleted]
as8ffp,"Thinking of setting up a discount sex shop. Best name I've come up with so far is ""Pound Town"". Anyone have any better?","Edit: Also taking tagline suggestions. ""It's not just our prices that are going down"" and the sort",https://www.reddit.com/r/CasualUK/comments/as8ffp/thinking_of_setting_up_a_discount_sex_shop_best/,1550567136.0,135,0.95,88,CasualUK,Nawtini
as8783,Isn‚Äôt Britain wonderful!,,https://i.redd.it/zz89bvpgkhh21.jpg,1550565052.0,324,0.97,11,CasualUK,Ph87uk
as871u,What three things would you do if you won tonight‚Äôs Euromillions?,,https://www.reddit.com/r/CasualUK/comments/as871u/what_three_things_would_you_do_if_you_won/,1550565009.0,54,0.95,201,CasualUK,YoNiceShoes
as81lf,Oh myyy,,https://i.redd.it/593cxua5veh21.png,1550563578.0,914,0.98,12,CasualUK,dutts303
as7vda,"Think I might need to update my news app, it's lagging a wee hit behind...",,https://imgur.com/AfFKy39,1550561959.0,405,0.98,12,CasualUK,Kulikant
as7r7p,Morning in Liverpool.... looks a promising day ahead,,https://i.redd.it/vxw6qpc68hh21.jpg,1550560926.0,54,0.88,8,CasualUK,becauseofitall
as4tex,Just another day,[deleted],https://i.redd.it/o3lgcc5t0eh21.jpg,1550540178.0,250,0.91,42,CasualUK,[deleted]
as42m9,One clip from every episode of Peep Show,[deleted],https://www.youtube.com/watch?v=2nCMn3P61lI,1550535522.0,139,0.98,12,CasualUK,[deleted]
as3moa,Got casualuk's favourite bit of childhood nostalgia out at work today.,,https://imgur.com/tPwPUbz,1550532817.0,200,0.97,50,CasualUK,[deleted]
as2hpy,"Go on Eddie Britains number 1, strong man 2017",,https://i.imgur.com/2Suojyj.gifv,1550526270.0,62,0.93,13,CasualUK,i_cantRead
as2h7d,Just bought my first house. First sight of my new neighbours!,,https://imgur.com/caTxs50,1550526191.0,66,0.97,6,CasualUK,Sheepski
as2guu,Asda was just too much for the kiddo today,,https://i.imgur.com/pxlT5cj.jpg,1550526135.0,181,0.95,43,CasualUK,niftyshellsuit
as1xca,If there was ever a reason to stay in a hotel...,,https://i.redd.it/s8cz44o04eh21.jpg,1550523223.0,218,0.99,25,CasualUK,rickyg1999
as1w6x,Can anyone else see the Batman symbol in my dogs chest hair?,,https://i.redd.it/e72yqukj3eh21.jpg,1550523040.0,183,0.91,32,CasualUK,kezzerb
as1tqd,An honest review of Tottenham,,https://i.redd.it/c4xdwgjd2eh21.jpg,1550522673.0,80,0.95,8,CasualUK,Sparx808
as1oi5,Middle of Lidl got me in trouble again. Only went in for pasta.....,,https://i.redd.it/c6bv04g30eh21.jpg,1550521886.0,83,0.95,21,CasualUK,sockhead99
as1nsp,"Scales were probably spot on to be fair, mate.",[deleted],https://i.redd.it/r74xjj7szdh21.jpg,1550521774.0,134,0.98,8,CasualUK,[deleted]
as1m34,Dog is in a sulk with me because I wouldn‚Äôt give her my Shepard‚Äôs pie,,https://i.redd.it/cixc38y0zdh21.jpg,1550521524.0,121,0.93,9,CasualUK,kezzerb
as1hoz,"Blimey! Blue Peter was a bit racey in the 60s, is that a mankini?",,https://i.redd.it/zeh8jc21xdh21.jpg,1550520851.0,121,0.97,29,CasualUK,dutts303
as1ain,"Very Tree, Wow.",,https://i.redd.it/sw8pgf30udh21.jpg,1550519837.0,1850,0.98,54,CasualUK,coolboole
as1886,I live in Berlin and I just found this abomination at my local supermarket. I got really excited for a brief moment - still not recovered from the feeling of betrayal.,,http://imgur.com/Pb0vTBG,1550519496.0,57,0.89,13,CasualUK,BPD_whut
as02kf,Made my mum a giant party ring for her birthday!,,https://imgur.com/HVXXqgn.jpg,1550513415.0,605,0.99,60,CasualUK,lotttiiee
arzs1h,"No way, really?",[deleted],https://i.redd.it/ie38uq8a6dh21.jpg,1550511854.0,89,0.88,28,CasualUK,[deleted]
arzqs5,How the British respond to an inconvenience.,,https://i.redd.it/en04syyp5dh21.jpg,1550511664.0,737,0.98,54,CasualUK,Milo_Hackenschmidt
arz6yh,Conflicted...,"So at the weekend we were doing our normal weekly shop in Sainsbury's and I was just pissing around annoying my wife, (as you do) when I saw a group of lads (12-13 yo ish) looking a bit shifty.

&amp;#x200B;

As I walked past one of them shoved a couple of cans of Lynx down the waistband of his sweatpants (obviously) and went to walk out.

&amp;#x200B;

I'm a dad right, so my instinct took over and I bellowed (literally) ""PUT THAT BACK AND GET THE FUCK OUT OF THE SHOP"" - I got a look of terror from the tea-leaf and he took it out and legged it - followed by his mates. I didn't even get any lip off 'em. Odd.

&amp;#x200B;

Now, I'm not a hard looking chap (tall and skinny) but my Dadness took over and I felt a good rush of adrenaline - until my wife said 'what if his mum can't afford to by him deodorant'.

&amp;#x200B;

So, am I a dick for stopping the little shit, or was it the right thing to do. I know it's Big Retail and they don't feel any kind of financial loss, but shouldn't we stop this shit if seen? Or what if he COULDN'T afford the spray.

&amp;#x200B;

Also, no I didn't get knifed when I left, didn't see hide nor hair of em.

What'd you do in this situation?

&amp;#x200B;

Edit - thanks for the gold anonymous awarder.",https://www.reddit.com/r/CasualUK/comments/arz6yh/conflicted/,1550508705.0,79,0.97,78,CasualUK,[deleted]
aryjme,The rug found in every old person bungalow.,,https://i.redd.it/r2g7llj7mch21.jpg,1550505108.0,1427,0.99,104,CasualUK,GeraltofBritain
arww4s,"Then, read it again carefully",,https://i.redd.it/ke6zlck3pbh21.jpg,1550493968.0,358,0.97,29,CasualUK,mozart_is_not_dead
arvwoj,I paid ¬£5 to get my ASDA shop delivered this morning because my son needed nappies at it was cheaper than getting the bus to town.,,https://www.reddit.com/r/CasualUK/comments/arvwoj/i_paid_5_to_get_my_asda_shop_delivered_this/,1550485654.0,367,0.96,122,CasualUK,xaviawolfmother
arvohd,"The first day of half term, and the kids are already annoying me so much that I‚Äôve opted to take them to a cold park so they give me half an hour of argument-free peace",,https://i.redd.it/8qkr23jjuah21.jpg,1550483695.0,444,0.98,73,CasualUK,randomgeekydad
arvm0a,[Urgent] Do Wetherspoons allow shorts?,,https://www.reddit.com/r/CasualUK/comments/arvm0a/urgent_do_wetherspoons_allow_shorts/,1550483073.0,96,0.88,104,CasualUK,9DAN2
arv9gk,"New job, just feel really happy with the change and wanted to share it.","Hi guys, so a few months ago I used to work in a place around 45 miles away from my home, the management there was horrible, micro managing everything down to filling in lateness forms and having improvement meetings for clocking on a few seconds after your start time (I literally had one for being late by 4 seconds) 

I made a thread on here asking what everyone's commutes are as I was on ¬£16,000 a year and travelling 88 miles a day, over an hour and half each way some days, there isn't alot of jobs in the IT field where I am (South Wales) and just before xmas I found a new place, more money and only 15 minute drive away from my home, I got the job and started in January, i've been here a month and a half now and feel free, so much less stress, so much more money and alot more time to myself. 

Just wanted to say thanks for the laughs during those shitty work hours at my old place and just wanted to post somewhere how happy I am with the change! 

How does /r/CasualUK feel about their commutes and jobs? ",https://www.reddit.com/r/CasualUK/comments/arv9gk/new_job_just_feel_really_happy_with_the_change/,1550480029.0,232,0.96,77,CasualUK,RhigoWork
aruw6u,The mild joy when you see a neighbour you dislike putting out the wrong bins for the weekly collection,,https://www.reddit.com/r/CasualUK/comments/aruw6u/the_mild_joy_when_you_see_a_neighbour_you_dislike/,1550476692.0,567,0.98,31,CasualUK,an11uk
aruatc,Iain Dowie in his Sunday best,,https://i.redd.it/j0cl8mf4v9h21.jpg,1550471779.0,58,0.9,15,CasualUK,BenathonWrigley
aru0li,A local cafe has started making a ‚Äúbreakfast pizza‚Äù. Including baked beans and black pudding.,,https://i.imgur.com/gK8KzFG.jpg,1550469688.0,134,0.93,61,CasualUK,Woodstovia
arpy1a,Our country is beautiful,,https://i.redd.it/if6c5p0bg7h21.jpg,1550442589.0,115,0.98,13,CasualUK,LosingAllYourDimples
arpodl,The North East,,https://i.redd.it/997cfb1db7h21.png,1550440987.0,117,0.93,16,CasualUK,-naD-
arp26y,So this is where they all go - a telephone box graveyard,,https://i.redd.it/hvzt0o3kt3h21.jpg,1550437540.0,142,0.99,12,CasualUK,marscoric
aroyme,ultra rare party ring,,https://i.imgur.com/AHNP7Wj.jpg,1550436979.0,77,0.95,13,CasualUK,dreamerbeliever
aroy1h,Anybody else remember this dark period of British history?,,https://i.redd.it/j52qj0i8z6h21.jpg,1550436886.0,113,0.95,31,CasualUK,dunmif_sys
aroxuh,My Grandad has the best soap dish.,,https://i.redd.it/ssuuawu8z6h21.jpg,1550436855.0,325,0.97,23,CasualUK,dtrford
arowxp,Sums up the UK quite well,,https://i.redd.it/tooojwbuy6h21.jpg,1550436711.0,105,0.89,7,CasualUK,trickytree1000
aror2x,Imagine having that on a sticky pub table,,https://v.redd.it/idr7z7imk2h21,1550435801.0,94,0.98,23,CasualUK,ThaiBoxer09
aro18g,Driving instructors have no chill,[deleted],https://i.redd.it/okfvj419k6h21.jpg,1550431833.0,1131,0.98,175,CasualUK,[deleted]
arngsj,I‚Äôve had a grand day out today,,https://i.redd.it/gijv5yd0b6h21.jpg,1550428721.0,561,0.98,27,CasualUK,idlewildgirl
arn6lr,Gareth Southgoat.,,https://i.redd.it/zfqll2kf66h21.jpg,1550427164.0,245,0.98,13,CasualUK,Mahoganychicken
armily,"Finally, an honest gym.",,https://i.redd.it/8ehlqjqiv5h21.jpg,1550423493.0,142,0.94,10,CasualUK,Harry_monk
arm3pm,Not entirely sure I want to read this.,,https://i.redd.it/t6dya5x8o5h21.jpg,1550421041.0,298,0.98,22,CasualUK,Tramorak
arlnvy,Not sure if it's an intentional pun or not?,,https://imgur.com/sEXcP9q,1550418315.0,63,0.91,10,CasualUK,GuessImStuckWithThis
arljdq,Q: How much does a cockney pay for shampoo?,,https://i.redd.it/e29vhrord5h21.jpg,1550417515.0,445,0.95,32,CasualUK,DeadYen
arlhgo,Hello from the opening weekend of Blackpool Pleasure Beach!,,https://i.redd.it/7vopfzdoc5h21.jpg,1550417150.0,50,0.97,16,CasualUK,OfficialMuffin
arl8t4,So did winter just give up all of a sudden?,I swear it went from snow and freezing cold wind to 18 degree weather like today in the span of a week ,https://www.reddit.com/r/CasualUK/comments/arl8t4/so_did_winter_just_give_up_all_of_a_sudden/,1550415534.0,183,0.97,50,CasualUK,TartanGiraffe
arl4mw,Heard your mum used to work here,,https://imgur.com/8b46fCj.jpg,1550414662.0,86,0.95,9,CasualUK,docdaneeeka
arksml,Unfortunate name! Genius vandalism.,,https://i.redd.it/8tdnlourx4h21.jpg,1550412160.0,199,0.94,15,CasualUK,Mellonwill
arkrkk,Sainsburys channeling the spirit of Mrs. Doyle.,,https://i.redd.it/dlt77p37x4h21.jpg,1550411943.0,76,0.9,9,CasualUK,druidsandhorses
arko1u,58 years Songs Of Praise has been going. 58 years! Same format. You'd think they'd Zhuzh it up a bit. Get some pole dancers on or something. Maybe a magic act.,,https://www.reddit.com/r/CasualUK/comments/arko1u/58_years_songs_of_praise_has_been_going_58_years/,1550411150.0,63,0.92,31,CasualUK,panicky_in_the_uk
arkm2y,A man having a lovely Sunday morning bike ride on his Penny farthing.,,https://i.redd.it/7emkrl6ht4h21.jpg,1550410691.0,79,0.95,13,CasualUK,H3dg3h09
arke1a,"It‚Äôs the year 2019, and some stole my car radio last night.","I almost feel bad for them. They‚Äôd opened all my bags and the glovebox, probably in hopes of finding something actually worth stealing, only to find 2 empty coke bottles, 3 receipts and a single wrapped breakfast pancake. 

Are people seriously still stealing car radios in this day and age?",https://www.reddit.com/r/CasualUK/comments/arke1a/its_the_year_2019_and_some_stole_my_car_radio/,1550408798.0,132,0.98,34,CasualUK,Fantomecks
arjzeb,Smh,,https://i.redd.it/tjivpgh6h1h21.jpg,1550405067.0,704,0.94,52,CasualUK,VacuumPanic
arjqn0,I'm about to come back home to Britain after a 7 week long trip around Asia and Australia.,"There's a lot I dislike about the UK, after all I have to share it with you twats, but after this much time away I realise how much I love my home country.

I've missed you awful bastards quite a bit. I've missed being in Spoons and complaining to my mates that we've ended up in Spoons. I've missed paying extortionate amounts of money to get a 10 minute train journey. I've missed Freddos, even though I never actually eat them. I've missed buying 5 doughnuts for 65p.

So cheers to all of you for providing me with homesickness fuel while I've been gone, this sub was a lovely escape when I was sick and tired of scooters beeping at me all day in Hanoi. Or when I got food poisoning in Koh Samui.

Also, yes I'm pissed. I'm in an airport after all.

This is a pointless post and I'm rambling now so I'll say cheerio now! See you all in 24 hours or so.

Also, if you could make the weather better for my arrival it would be very much appreciated.",https://www.reddit.com/r/CasualUK/comments/arjqn0/im_about_to_come_back_home_to_britain_after_a_7/,1550402682.0,139,0.92,57,CasualUK,theartofrolling
arjomb,Asking the important question,,https://i.redd.it/i2kzou1z34h21.jpg,1550402114.0,181,0.94,14,CasualUK,CHARL13is
arjoc9,Anybody else finding people talking REALLY loudly at gigs is becoming a bigger and bigger problem?,"I've been to gigs up and down the country over the years and I'm finding it's becoming more and more difficult to enjoy live music due to extremely noisy talkers in the crowd.

Went to see Billy Joel in Birmingham a few years ago and these two guys behind us who hadn't seen each other for years starting having a catch up chat about everything they'd missed with each other instead of watching a legendary singer on what could be one of his last tours.

Luckily a guy next to them told them to shut up and they did.

Went to The Human League in Glasgow last year and this gaggle of middle aged women were screeching away behind us. My dad politely asked them to be quiet which they ignored and when I told them they were spoiling the show for everyone around them, they just started giving me the Vicky.

Saw Chrvches in Glasgow last night. I got stuck next to a group of people who were shouting at each other through every song, with one of them not even facing the stage. The people beside me obviously thought so as well as they kept glancing at them throughout the gig.

I'm all for people having fun and I'm used to a low level of buzz throughout gigs, but it's becoming more and more of a problem when the people around you are literally talking louder than the band on stage and distracting everyone around them.

I'm seeing a few bands this year that I'm really looking forward to and I'm worried they're going to be spoiled like these ones were. It's getting to the point where anxiety about a gig being spoiled by loud talkers is as bad as people pulling out phones or talking during the theatre.",https://www.reddit.com/r/CasualUK/comments/arjoc9/anybody_else_finding_people_talking_really_loudly/,1550402042.0,73,0.89,95,CasualUK,BootStampingOnAHuman
arjglr,Peak District photo wins national contest,,https://www.bbc.co.uk/news/uk-england-derbyshire-47253184,1550399784.0,64,0.93,3,CasualUK,tmstms
arj9i7,"Tee hee hee! Scarborough Council, you saucy buggers!",,https://i.redd.it/c017fa35r3h21.jpg,1550397798.0,966,0.96,48,CasualUK,GobshyteWhyte
arj8hu,Well played Tesco........well played!,,https://i.redd.it/jjajytx6q3h21.jpg,1550397502.0,468,0.96,43,CasualUK,Huggybear0_3
arj6oh,I don‚Äôt know who made this but I‚Äôm crying üòÇ so so true!!,,https://i.redd.it/s2i3vavko3h21.jpg,1550396937.0,53,0.76,7,CasualUK,[deleted]
arj4f6,I‚Äôve been called worse,,https://v.redd.it/xjufl8sab0h21,1550396271.0,7669,0.97,390,CasualUK,watugoat
arihv3,It's a good thing they accept both I was getting worried,,https://i.redd.it/k1525ub733h21.jpg,1550389756.0,76,0.87,36,CasualUK,AccessTheMainframe
arfj8h,"I felt I should let you all know Dangermouse, classic collection, a cornerstone of British culture, is available on Netflix",,https://i.redd.it/lkirhxml61h21.jpg,1550366680.0,110,0.98,17,CasualUK,Reaperfox7
arf54e,"If you have a football for a head maybe don‚Äôt become a professional footballer, you‚Äôre just asking for trouble",,https://i.redd.it/t18qhmzry0h21.jpg,1550364073.0,80,0.95,7,CasualUK,nwilhues
arf32q,"Just watched an old episode of bullseye , star prize",,https://i.redd.it/lxxxq3kqx0h21.jpg,1550363696.0,83,0.95,32,CasualUK,Fair_SOTS
arev55,Either this is wrong or we‚Äôve been playing cards wrong for 67 years,[deleted],https://i.redd.it/2zhhefrlt0h21.jpg,1550362307.0,55,0.92,11,CasualUK,[deleted]
are1wl,Took a beautiful scenic walk earlier,,https://i.redd.it/xhpgepbke0h21.jpg,1550357269.0,255,0.98,20,CasualUK,land--manatee
arduzk,"Three pillows? That‚Äôs insane. My wife is taking the piss now. This is after removing the other, non sleep based cushions.",,https://i.redd.it/v3m5ldt2b0h21.jpg,1550356077.0,220,0.98,74,CasualUK,Nettofabulous
ardsj0,"This covered bridge in Cambridge is called the Bridge of Sighs, named after students‚Äô rumoured sighs on proceeding from their quarters on the Backs to the tutors‚Äô offices in the main college. As a student here myself, stories like these remind me why the UK is such an interesting place to study in!",,https://i.redd.it/twe96gnt90h21.jpg,1550355655.0,78,0.84,34,CasualUK,aclarioncall
ardp0b,This waterway always seems ominous to me!,,https://i.redd.it/s4mj5drz70h21.jpg,1550355044.0,61,0.95,6,CasualUK,allthekos
ardjyd,"Moved to Denmark, have had this glorious tome delivered and I miss the UK more than ever. None of my colleagues understand my new phrases or why I am laughing.",,https://i.redd.it/1mkxcqyf50h21.jpg,1550354208.0,129,0.96,13,CasualUK,chrisisit123321
ardia2,Funny English Language Experiment,"Hello everyone! :)

[Here](https://research.sc/participant/login/dynamic/8A776540-A6CA-484E-8712-6ACD9FBD9592) is a questionnaire-shaped experiment concerning funny English-like alien verbs. It contains 25 questions and instructions and it is aimed at English speakers. Also, it is meant to show how new verbs are acquired and to test a linguistic hypothesis. If you wanna take part, make sure you have 10-15 spare minutes.

As a side note, I built this experiment for my undergraduate dissertation at UCL and it has been conducted in other 3 languages as well.

Also, it may work better on a pc/laptop than mobile.

Thank you for your time!

&amp;#x200B;",https://www.reddit.com/r/CasualUK/comments/ardia2/funny_english_language_experiment/,1550353919.0,87,0.92,35,CasualUK,ruxu_luvzy
arcq5z,This Cumberland sausage review,,https://i.redd.it/1y3cyj87qzg21.png,1550349094.0,73,0.92,6,CasualUK,horsetailfeathers
arc14k,"Just got this little critter yesterday, am thoroughly chuffed üòá",,https://i.redd.it/cp3v07lpdzg21.jpg,1550344856.0,82,0.9,13,CasualUK,GouldyBear
arbzr1,"""Manchester Airport""",,https://i.redd.it/2q7yk6p0dzg21.jpg,1550344627.0,392,0.98,21,CasualUK,TheRoastyToastie
arbom4,"Did i do a good, sausage from the grainger market in Newcastle",,https://i.redd.it/slkzqn4l7zg21.jpg,1550342798.0,61,0.83,60,CasualUK,hary11111
arbcb0,So my coat pocket has a hole in it and my fiance just found this in the lining. It's from a stag do I recently attended.,,https://imgur.com/JMHTHqv,1550340774.0,97,0.9,18,CasualUK,Libertine444
arba0s,It's grim up north (with bonus old dog),,https://i.redd.it/az3rbl3f0zg21.jpg,1550340399.0,78,0.94,31,CasualUK,bexwhitt
arb0bi,"Excuse me Facebook market place, what the fuck?",,https://i.redd.it/ktqjgtjgvyg21.png,1550338778.0,114,0.91,16,CasualUK,TimmaDee
aravm4,Nothing quite like a country pub with an open fire...,,https://v.redd.it/p4wokgd5tyg21,1550338053.0,125,0.97,20,CasualUK,Deltrondo
araro7,"Meet Megabus' new mascot, Mr Bollocks-For-A-Chin",,https://i.redd.it/x4ox1poaryg21.jpg,1550337339.0,104,0.94,11,CasualUK,Reaperfox7
ararac,Good ol UK humour!,,https://i.redd.it/ijt9bnl6ryg21.jpg,1550337278.0,103,0.93,6,CasualUK,Buffon999
ara3jz,My sister spent the day looking after our Grandad [95] she mainly took him to the pub and the bookies. He bet ¬£11 on a Yankee on the horses and she copied his bet. They won ¬£1100 each when 3 of the 4 winners came in!,,https://i.redd.it/17id27t6fyg21.jpg,1550333245.0,20130,0.95,213,CasualUK,Reddnits
ar9vkq,Just found out Kellogg's are making cereal for my mate as well. Lying shits.,,https://i.imgur.com/aV3aebN.jpg,1550331803.0,1660,0.99,47,CasualUK,SwissVan
ar9bps,Is it even a shopping centre from the 90s if it doesn't have this flooring?,,https://i.redd.it/5gg1g26jzxg21.jpg,1550327982.0,224,0.97,40,CasualUK,[deleted]
ar986f,Get to work today and find out we've had this installed. Amazing,,https://i.redd.it/s6lnqofexxg21.jpg,1550327271.0,58,0.94,13,CasualUK,HarryGoLocky
ar8yt7,We need more Come Fly With Me,[deleted],https://i.redd.it/1tqlhotirxg21.jpg,1550325285.0,2148,0.98,100,CasualUK,[deleted]
ar8mfr,The serene beauty of the British countryside never ceases to amaze,,https://i.imgur.com/mAolftk.jpg,1550322395.0,1443,0.99,43,CasualUK,[deleted]
ar8fjs,Interesting choice of punctuation,,https://imgur.com/cRVg3Dh,1550320593.0,48,0.92,4,CasualUK,Saggylicious
ar8e04,"The Lake District is bloody wonderful... Yesterday on the way up Helvellyn, looking over the Central Fells.",,https://i.redd.it/bf9s8a4bcxg21.jpg,1550320177.0,300,0.99,14,CasualUK,dogsALLDAY
ar8dto,Has science gone too far? ABSOLUTELY.,,https://i.imgur.com/TQGwniy.jpg,1550320129.0,553,0.98,183,CasualUK,loudribs
ar8dcg,This semi-detached has only gone and put a dinosaur in its front garden,,https://i.imgur.com/j6babKi.jpg,1550320001.0,189,0.97,23,CasualUK,[deleted]
ar890v,Just seen this ‚Äòfor sale‚Äô in my local buy &amp; sell...,,https://i.redd.it/wdpugtzi8xg21.jpg,1550318898.0,59,0.89,7,CasualUK,Rextherabbit
ar87ve,Let's give a big hand for the most parental-sounding urban tidiness slogan yet,,https://i.imgur.com/tc1ZXFS.jpg,1550318613.0,75,0.96,6,CasualUK,akaFLAMEGiRL
ar7sjr,Smile ! And the world will smile with you ! Beluga XL flypast at Broughton Chester,,https://i.redd.it/wd5c7lexuwg21.jpg,1550314475.0,187,0.97,36,CasualUK,Uraflght
ar7rlc,Seen on the side of a pub in Merthyr Tydfil. What a bargain!,,https://i.redd.it/irmt1h8luwg21.jpg,1550314211.0,62,0.86,14,CasualUK,Righteousmilk
ar7r4l,Anyone hungry? Think they're eating out down here...,,https://i.imgur.com/ryA2DpA.jpg,1550314073.0,828,0.99,35,CasualUK,manguish
ar7ncl,"My wife says I put too much cheese on my beans on toast. On a scale of wrong to extremely wrong, how wrong is she?",,https://imgur.com/Pa7Wktp,1550313060.0,158,0.95,89,CasualUK,CatFoodBeerAndGlue
ar7j0y,"Sat morning in barbers. Every bloke so far has asked for ""short round the sides and a bit longer on top""",I love being a man. It's just easy.,https://www.reddit.com/r/CasualUK/comments/ar7j0y/sat_morning_in_barbers_every_bloke_so_far_has/,1550311862.0,90,0.93,77,CasualUK,jbrevell
ar7fqz,"I have no side table but like to have my tea close at hand. Improvise, adapt, overcome.",,https://imgur.com/x6yrHyE,1550310947.0,177,0.92,72,CasualUK,fred1840
ar72un,Flying hand luggage only to see my parents and they need Marmite,,https://i.redd.it/8qwcuk7o9wg21.jpg,1550307182.0,1373,0.98,119,CasualUK,DJSporanzo
ar5ouu,"I purchased a Fitbit recently in an attempt to stop being so lazy. Apparently, it took me 15 mins to walk to the pub yesterday and 28 mins to walk back.",,https://www.reddit.com/r/CasualUK/comments/ar5ouu/i_purchased_a_fitbit_recently_in_an_attempt_to/,1550294514.0,9545,0.97,184,CasualUK,Show_me_your_beer
9kan4g,The end of an era...,,https://i.redd.it/7tvbq472cgp11.jpg,1538346380.0,168,0.95,26,CasualUK,Humble_Giveaway
9ka0vb,Went on a South Oxfordshire pub crawl,,https://i.redd.it/j0pp8sw3yfp11.jpg,1538341681.0,110,0.97,8,CasualUK,jonnyphotos
9k9yok,London skyline at sunset [OC],,https://i.imgur.com/S12lHN3.jpg,1538341258.0,185,0.97,8,CasualUK,Jama_91
9k9puf,Won the lottery with this giant revel,,https://i.redd.it/49q9kekirfp11.jpg,1538339465.0,128,0.98,20,CasualUK,CallApril
9k98gr,There are worse places to walk the dog,,https://i.imgur.com/9efN9tm.jpg,1538336018.0,2870,0.99,58,CasualUK,saint_david
9k9176,Found in Brighton,,https://i.redd.it/ih0o703zcfp11.jpg,1538334573.0,159,0.95,24,CasualUK,Slippery_Pancake
9k8rcw,I made my first ever Sunday roast today. Quite proud. Yes I‚Äôm aware it‚Äôs missing some stuff and the gravy looks wrong üòÇ tasted good,,https://i.redd.it/jbg08ht87fp11.jpg,1538332648.0,221,0.88,106,CasualUK,[deleted]
9k8li2,My Yorkshire pudding is screaming for help,,https://i.redd.it/5qpuxr4s3fp11.jpg,1538331484.0,82,0.87,12,CasualUK,Froobyxcube
9k8hl3,Every boys dream come true,,https://v.redd.it/1w9v7qn61fp11,1538330745.0,70,0.86,22,CasualUK,-Bungle-
9k8f6c,When in Brighton...,,https://i.redd.it/3ixmeh130fp11.jpg,1538330238.0,501,0.96,55,CasualUK,iledoffard
9k85ji,"Lots of cows in Suffolk today, and for once I‚Äôm not talking about the in-laws",,https://i.redd.it/zqhskl2buep11.jpg,1538328329.0,60,0.87,13,CasualUK,sivvus
9k7xao,"Hope Cove, Devon",,https://i.imgur.com/qog1kkW.jpg,1538326738.0,126,0.99,8,CasualUK,birch1981
9k7qut,Just found this on r/MapPorn and found it very interested,,https://i.redd.it/weli4lotlep11.jpg,1538325441.0,350,0.96,142,CasualUK,MBirchall
9k749r,How the entirety of the UK feels about American football,,https://i.redd.it/y2dbpwu08ep11.png,1538320803.0,2018,0.96,384,CasualUK,Kal_El_Retardo
9k6xbw,So what did you get up to this weekend Steve?,,https://i.redd.it/xcej6evi3ep11.jpg,1538319299.0,219,0.97,20,CasualUK,sammmywammmy
9k6oof,"Caerphilly Castle, South Wales. The second largest castle in Europe.",[deleted],https://i.redd.it/dsnfwa8jxdp11.jpg,1538317279.0,638,0.99,67,CasualUK,[deleted]
9k6h4d,Love the slogan!,,https://i.redd.it/8xp2azwnrdp11.jpg,1538315335.0,96,0.95,0,CasualUK,RedVanManno1
9k68hb,Yorkshire pudtastic!,,https://i.redd.it/ix69q41skdp11.jpg,1538312984.0,596,0.98,52,CasualUK,punchypariah
9k66hx,Corner shop down my road,,https://i.imgur.com/gACW10K.jpg,1538312452.0,107,0.99,47,CasualUK,boogie_boots
9k652r,My idea of a great Sunday morning.,,https://i.imgur.com/d4TQDNy.jpg,1538312041.0,187,0.99,8,CasualUK,9DAN2
9k64qz,Keighley retail park has clearly not left 2005 yet,,https://i.imgur.com/oqPyvYE.jpg,1538311941.0,281,0.98,58,CasualUK,kenbw2
9k5up1,"A misty Arundel Castle, about half 7 this morning. Wish I'd had my camera instead of just my phone!",,https://i.redd.it/dxvri5068dp11.jpg,1538308820.0,309,0.99,24,CasualUK,Flibble_
9k5t0v,The old Sunday tradition of having a staring contest with a fox whilst having a fag,,https://i.imgur.com/ztdL3nz.jpg,1538308259.0,666,0.98,45,CasualUK,[deleted]
9k5pb3,You know it was gonna be a good day when you got this for school lunch...,,https://i.redd.it/tzr0pe9o3dp11.jpg,1538307229.0,67,0.89,24,CasualUK,BiGGiE-R
9k5nlk,Someone has filled the loughborough university fountain with fairy liquid,,https://i.redd.it/qhg6kke92dp11.jpg,1538306757.0,1372,0.99,154,CasualUK,JamesForrest18
9k5ki2,So inspirational,,https://i.redd.it/mfnj5g1mzcp11.jpg,1538305865.0,86,0.94,9,CasualUK,GalacticFaz
9k5h3h,On a Sunday and not even 12! The hedonism is too much!,,https://i.redd.it/zn141pfswcp11.jpg,1538304921.0,63,0.95,14,CasualUK,EuropoBob
9k5alp,Beautiful,,https://youtu.be/r-ZiI3iVgpM,1538302705.0,98,0.95,17,CasualUK,boogie_boots
9k57b3,Fuckoffee in London gave me their coffee card this morning,,https://i.redd.it/p8vau3c3ncp11.jpg,1538301660.0,230,0.9,25,CasualUK,freddo242
9k4ryp,Spotted street name in Wednesbury. Very apt really.,[deleted],https://i.redd.it/j68yzz678cp11.jpg,1538296651.0,133,0.96,11,CasualUK,[deleted]
9k4n54,On Thursday I asked you what you like on your sandwich. Here are the results.,,https://i.imgur.com/Vpx12FF.jpg,1538294759.0,6033,0.94,803,CasualUK,anagoge
9k4mny,Anyone fancy seeding an urban legend to mess with teenagers?,"I remember back at school all the rumours about banana skins getting you high, even teabags were implicated.  There was a time when we all checked Mars Bar wrappers for evidence of being injected with poison, as we all knew the poisoned ones had been stamped with an X in the datecode area.  Kids believed stupid shit, and I don't see today's kids being any different (although I admit the internet might sour the fun).

I thought maybe we could spread new rumours, keep the cycle going, pass on the same dubious joy we had with playground folklore.  We could mention these ""facts"" she maybe get some traction on any good ones.

My contribution would be that to make the large ¬£1 all chocolate flavor Aero bars they have to use a small amount of nitrous oxide, and if you crush a few bars up in an old bread bag and huff the vapours you'll get a short lived head rush.  I mean it sounds possibly plausible.  I'm starting to believe it myself already.

Anyway, if you were to manufacture an urban myth, I'll bet there's some great ideas out there.",https://www.reddit.com/r/CasualUK/comments/9k4mny/anyone_fancy_seeding_an_urban_legend_to_mess_with/,1538294562.0,236,0.94,143,CasualUK,goldfishpaws
9k3697,Ladies stall in O‚ÄôNeill‚Äôs,,https://i.redd.it/rxf4c1a8sap11.jpg,1538279167.0,223,0.95,7,CasualUK,4827663
9k1y94,Drunk on whisky and watching Red Dwarf. This is what Saturday nights are made of,,https://i.redd.it/4tbpdwk8t9p11.jpg,1538267400.0,192,0.9,43,CasualUK,Gadget_SC2
9k1r62,Saw this and thought of you all,,https://i.redd.it/rcb53yjun9p11.jpg,1538265587.0,78,0.87,7,CasualUK,VoidBowAintThatBad
9k1715,...fair enough,,https://i.redd.it/pdvsn88o89p11.jpg,1538260484.0,585,0.99,55,CasualUK,theadum
9k139n,A wild flock of trolleys in their natural habitat,,https://imgur.com/voyDb2s,1538259597.0,297,0.99,19,CasualUK,BlunderCig
9k0sh3,Google selling UK pints Short (Down with this sort of thing and short measures in general),,https://i.redd.it/29tm22npy8p11.png,1538257139.0,140,0.98,56,CasualUK,ajehals
9jzyyi,Best bridge in Scotland,,https://i.redd.it/iz429c0gf8p11.jpg,1538250656.0,239,0.97,12,CasualUK,sharkftw45
9jzdy6,"Dear UK residents, this is to say we(call center employees from India who service your credit cards) totally understand your financial problems",[removed],https://www.reddit.com/r/CasualUK/comments/9jzdy6/dear_uk_residents_this_is_to_say_wecall_center/,1538246138.0,98,0.98,19,CasualUK,orionoutlandish
9jzbar,"Ah... no. Not today, Aldi.",,https://i.redd.it/q2zwa7s608p11.jpg,1538245598.0,148,0.97,11,CasualUK,crankityo
9jzb8c,Much needed train replacement service!..,,https://i.redd.it/iluiogepm5p11.jpg,1538245584.0,181,0.98,17,CasualUK,whysoseriousmofo
9jz600,"The Push-Up Bra of the National Lottery: their email says ""News about your ticket"" + ""Congratulations!"", your heart rate is 200, and then you find ¬£2.60 on your account...",,https://i.redd.it/u3t8l1p4x7p11.png,1538244517.0,278,0.97,28,CasualUK,flyhighsometimes
9jz01q,Does anyone else remember the kids TV show Knightmare? After the successful Crystal Maze reboot they should redo this.,,https://www.reddit.com/r/CasualUK/comments/9jz01q/does_anyone_else_remember_the_kids_tv_show/,1538243275.0,60,0.94,61,CasualUK,dutts303
9jz01p,A local Chinese‚Äôs response to a review....,,https://i.redd.it/sdunf5zht7p11.jpg,1538243275.0,467,0.97,54,CasualUK,Dannystator
9jysi0,This is a Wigan delicacy - Pie in a barm,,https://vgy.me/SRPAdU.jpg,1538241710.0,190,0.95,81,CasualUK,nerfdan
9jyrf3,Wise words on the underground,[deleted],https://i.redd.it/j1wzury8o7p11.jpg,1538241510.0,153,0.98,9,CasualUK,[deleted]
9jynne,"No matter how many times I see it, this video never gets old",,https://youtu.be/ZdUoZJvdipA,1538240818.0,97,0.97,11,CasualUK,davie18
9jxzju,ASDA clearly don't know what 24 hours means then...,,https://i.redd.it/hest4hc197p11.jpg,1538236393.0,97,0.81,77,CasualUK,JayJayMerks
9jxcge,[NSFW] Do not be browsing around AliExpress whilst you're drunk. This beauty is on the way for Halloween.,"Yeah, saw a link on here somewhere to AliExpress last week and finally got around to doing some shopping:

https://i.imgur.com/jT97p3r.png",https://www.reddit.com/r/CasualUK/comments/9jxcge/nsfw_do_not_be_browsing_around_aliexpress_whilst/,1538232018.0,132,0.98,38,CasualUK,Monsis101
9jxaqu,Wales,,https://i.redd.it/lhk0xhn5v6p11.png,1538231728.0,106,0.98,21,CasualUK,King_Bonio
9jx6ai,Baked Beans War Flag,,https://i.redd.it/ceuj5sbb76p11.jpg,1538230919.0,122,0.89,11,CasualUK,TheNathanNS
9jwxiz,Asian Hornets - please keep a lookout for these insects and/or their nests.,"Beekeepers, our honey bees and the country's native bees, need your help please. Sorry, this is a bit link-heavy.

An Asian Hornet nest has been found near Alresford, Hants, and destroyed. Another sighting on the coast to the west of Southampton is currently being investigated by staff from the [National Bee Unit](http://www.nationalbeeunit.com/public/News/news.cfm#211). Other confirmed sightings this year have been in Hull, Lincolnshire, and Cornwall - so these insects could be just about anywhere.

Could you keep an eye out because we really don't want them to get a foothold; they will decimate our colonies and other species of bees that nest in hollow trees etc.. They can also hurt people.  
http://www.nationalbeeunit.com/index.cfm?sectionid=117

More info about the hornet, plus links to two reporting apps and an online form, are on NNSS website.  
http://www.nonnativespecies.org//alerts/index.cfm?id=4

**Some identification info**  
These are not 'giant' Asian Hornets, they are smaller than the native European Hornet. A picture of an [Asian Hornet](http://www.planetepassion.eu/wildlife-in-france/Asian-Hornet-face-france.jpg) (Vespa velutina)  
The two hornets [side by side](https://policiadegalicia.files.wordpress.com/2013/11/comparativa-de-vespa-gabro-e-vespa-velutina.jpg) *V. velutina* and *V. crabro*

Here's an APHA/NBU video of Asian Hornets hawking bees [in front of a hive](https://youtu.be/4MGJ7KhlgL0) and [loads in a trap](https://www.youtube.com/watch?v=3Qg92SKw31Y)

Here's [a picture of a nest](http://invasivespeciesireland.com/wp-content/uploads/2018/04/01_12-Vespa-velutina-Nidi.jpg), they're usually quite high up a tree

*Edited to fix youtube link*",https://www.reddit.com/r/CasualUK/comments/9jwxiz/asian_hornets_please_keep_a_lookout_for_these/,1538229373.0,75,0.96,16,CasualUK,6beesknees
9jwjm3,Bastards,,https://i.redd.it/qbz9w6nfg6p11.png,1538226779.0,138,0.91,24,CasualUK,Luke_James
9jwdlq,"Yes Linda, I think that‚Äôs exactly why they had to put the sign up. Seen in Leicestershire.",,https://i.redd.it/gnh4lysfc6p11.jpg,1538225429.0,137,0.99,18,CasualUK,Big_Miss_Steak_
9jw42a,Man with bionic penis goes into coma after first time having penetrative sex,,https://www.pinknews.co.uk/2018/09/28/penis-sex-bionic-hospital-penetrative-first-time/,1538223036.0,62,0.85,27,CasualUK,EwanWhoseArmy
9jvyz2,South Western Railway up to their old tricks again today,,https://i.imgur.com/uJEV9Qw.jpg,1538221688.0,85,0.97,10,CasualUK,DelightfulSkidmark
9jvthm,Today‚Äôs offering NSFW),,http://imgur.com/KkL5QPD,1538220137.0,253,0.96,14,CasualUK,Variola13
9jvt3v,I must have ‚Äòmug‚Äô stamped on my forehead. Saturday off to a blinder.,,https://i.redd.it/uy3jfw2dw5p11.jpg,1538220026.0,57,0.95,17,CasualUK,depnameless
9jvs9e,"On this day, 952 years ago, William the Conqueror landed in Hastings. I wrote a parody of American Pie to tell the story of 1066 and all that - 'The Day King Harold Died'!",,https://www.youtube.com/watch?v=PTZEGVD-1_c,1538219780.0,64,0.84,21,CasualUK,[deleted]
9jvjrv,"TIL that yorkies that came with Ministry of Defense ration packs said ""Not For Civvies""",,https://i.redd.it/gonmox0go5p11.jpg,1538217360.0,543,0.97,82,CasualUK,Thekokza
9jvir2,"Having a tub for crisps, filled with walkers, McCoy‚Äôs, squares and monster munch",[deleted],https://i.redd.it/gt28rblkn5p11.jpg,1538217069.0,78,0.88,23,CasualUK,[deleted]
9jva5j,My local chippy has been watching Masterchef,,https://i.redd.it/h17aj1b6e5p11.jpg,1538213941.0,250,0.97,17,CasualUK,monkey_trousers
9jv8mb,Here's a tip for everyone,[deleted],https://www.reddit.com/r/britishproblems/comments/9junkt/shop_at_lidlaldi_and_cant_pack_as_fast_as_the/,1538213371.0,86,0.89,30,CasualUK,[deleted]
9jv41g,I never Thought in my 14 year's of existence I would be pushing a washing machine down the main road on an old sofa,[deleted],https://i.redd.it/zu9heoaf75p11.gif,1538211646.0,61,0.76,53,CasualUK,[deleted]
9jv1x2,My girlfriend and I had an argument about toast and I need your help,"I made toast for my girlfriend last night. Decided to be fancy and put some raspberry jam on it for her. When I gave it to her, she got angry because I  had buttered the bread before putting on the jam.

 She says your not meant to butter the toast before applying the Jam because it makes it taste funny. (Edit : She uses no butter at all) 

I say the butter is integral to the quality of the spread (and makes it taste better)

What are your thoughts? 

I love my girlfriend very much but this is the dividing line in our relationship and I can't see how we can go on with such different breakfast preferences 

Edit 2 : a very kind redditor ( wadeybb) made a poll. Let's get some proper stats

 https://strawpoll.com/kh48wd23",https://www.reddit.com/r/CasualUK/comments/9jv1x2/my_girlfriend_and_i_had_an_argument_about_toast/,1538210817.0,160,0.93,195,CasualUK,siuolfred
9juulm,"Well, it certainly is what's best for our health",,https://i.redd.it/rex0qt7gw4p11.png,1538207998.0,128,0.96,9,CasualUK,Furry_Badgers
9js2r5,My Flatmate Shat Himself on a Night Out,How the fuck do I deal with this outside of laughing my fucking tits off?,https://www.reddit.com/r/CasualUK/comments/9js2r5/my_flatmate_shat_himself_on_a_night_out/,1538178811.0,89,0.94,51,CasualUK,Tekha
9jrzt0,Gotta proof read lads...,,http://imgur.com/NQhk3Yg,1538178084.0,72,0.91,14,CasualUK,Gazzwhitt
9jp4no,The Good Ol' Days,,https://i.redd.it/2xo5tew9o0p11.jpg,1538156769.0,4659,0.93,434,CasualUK,Arc_12
9jogvd,Thieving little shit,,https://i.redd.it/ple32u5ta0p11.jpg,1538152242.0,163,0.97,20,CasualUK,Gadget_SC2
9jo1u2,"Took this picture of the Royal Naval College, Greenwich. Such a beautiful part of London.",,https://i.redd.it/9m36iyrp10p11.jpg,1538149336.0,278,0.98,22,CasualUK,Know_The_Ledge
9jo1if,David Attenborough is ASHAMED of you,,https://i.redd.it/gl5fs1jz10p11.jpg,1538149276.0,366,0.98,18,CasualUK,Elliecoppter
9jnyr5,So how was your office's Macmillan Coffee Morning?,,https://imgur.com/4OAb57D,1538148745.0,86,0.92,41,CasualUK,georgekeele
9jnxby,"Think about it, we could be men, with ven.",,https://i.redd.it/krfg1sedzzo11.jpg,1538148473.0,112,0.96,9,CasualUK,BruceC96
9jnjcr,Closing doors and now this. Is there anything she won't do in public?,,https://i.redd.it/szslogeyqzo11.jpg,1538145705.0,146,0.98,25,CasualUK,X0AN
9jnd98,"Gateway to where I live (Beverley, East Yorkshire) Custom bus roofs have and are still used to get through",,https://i.redd.it/2kusnnaonzo11.jpg,1538144469.0,391,0.99,39,CasualUK,jackbarbermeme
9jncfo,Found a mouse outside the house.,,https://i.redd.it/gg33lfs2nzo11.jpg,1538144288.0,97,0.96,34,CasualUK,BritishApe
9jmykz,A pub window in South Wales,,https://i.redd.it/9p80zgclezo11.jpg,1538141408.0,543,0.97,140,CasualUK,TensaTommy007
9jm7t0,Trolley cart spotted at Heathrow,,https://i.redd.it/jxm7whdzuyo11.jpg,1538134813.0,710,0.89,29,CasualUK,Drift_Kar
9jm7k8,Have you got your big plate Alan?,[deleted],https://i.redd.it/hykeay9tfuc01.jpg,1538134738.0,10778,0.94,319,CasualUK,[deleted]
9jltds,I thought the Amazon lockers at the shopping centre in Reading had a custom logo for our town. Turns out it‚Äôs just a Kindle advert and I‚Äôm a massive idiot.,,https://i.redd.it/omfqaibaiyo11.jpg,1538130544.0,457,0.84,44,CasualUK,themagictoast
9jlric,My kind of meal prep,,https://i.redd.it/rb25m4uggyo11.jpg,1538129932.0,234,0.79,33,CasualUK,mrsbobcat
9jlofm,A company where we all feel at home,,https://imgur.com/9ar54Wy,1538129025.0,74,0.7,4,CasualUK,Cheesepizzaplzzzz
9jlmrr,We were all thinking it,,https://i.redd.it/efav8zu6cyo11.png,1538128505.0,92,0.98,24,CasualUK,Drbanana001
9jlj45,Bloody anarchy around here. Country's gone to the dogs.,,https://imgur.com/xshl4DQ,1538127300.0,236,0.79,27,CasualUK,ronnor56
9jlic4,"Watch out, the clapping man is gonna get you",,https://i.imgur.com/T7c2oPJ.jpg,1538127039.0,163,0.83,6,CasualUK,lightningbadger
9jlcp9,Found a prisoner run cafe with possibly the best name ever,,https://i.redd.it/9u3rb42c2yo11.jpg,1538125187.0,1204,0.92,50,CasualUK,FactuallyInadequate
9jl7vs,Looks like someone's finally had enough of the man from Flat 3,,https://imgur.com/3IW5JvY,1538123499.0,101,0.76,23,CasualUK,Russell_Ruffino
9jl55m,Marks &amp; Spencer did it first,[deleted],https://i.imgur.com/ZGbUkFk.jpg,1538122554.0,99,0.75,27,CasualUK,[deleted]
9jkxon,"Karl Pilkington on supporting Man Utd: ""I feel like supporting United is like having a tortoise as a pet. I had a tortoise, and they are not entertaining to watch. You don't watch them, but you know you have got a bit of responsibility to show some interest.""",[deleted],https://www.bbc.com/sport/football/45651999,1538119947.0,124,0.76,23,CasualUK,[deleted]
9jkti6,Not a bad walk to work,,https://i.redd.it/6p8wof4tixo11.jpg,1538118618.0,91,0.71,38,CasualUK,WSchultz
9jhfql,Interesting Ad placement ..,,https://i.redd.it/bz1030rlyuo11.jpg,1538087662.0,54,0.78,9,CasualUK,wadeybb
9jhco5,Can't believe it!,[deleted],https://www.reddit.com/r/CasualUK/comments/9jhco5/cant_believe_it/,1538087001.0,165,0.87,58,CasualUK,[deleted]
9jh32a,Her kid's school want ¬£4240 per child to go to South Africa. Since when did this even become a thing? We were lucky to go pond dipping once a year.,[deleted],https://i.redd.it/q728df0tquo11.jpg,1538084980.0,179,0.9,104,CasualUK,[deleted]
9jgz3q,This is Dave. We found Dave in the bedroom. Why is Dave so big?,[deleted],https://i.redd.it/l56nakdfouo11.jpg,1538084181.0,92,0.83,69,CasualUK,[deleted]
9jg3ky,This merry dance was ¬£18 cheaper than booking a single ticket.,,https://i.imgur.com/28tl5gS.jpg,1538077926.0,103,0.92,35,CasualUK,seoi-nage
9jfvro,Anyone?,,https://i.imgur.com/iPIElme.jpg,1538076363.0,340,0.93,74,CasualUK,[deleted]
9jfk9e,Are your children cultured?,[deleted],https://i.redd.it/dnyo9p5kuto11.jpg,1538074142.0,53,0.8,2,CasualUK,[deleted]
9jfix8,You vs. The guy she told you not to worry about...,,https://i.redd.it/gz37446ttto11.jpg,1538073882.0,2717,0.95,68,CasualUK,carlostrades
9jfhy8,"Asked my mum to half the kebab, not exactly what I meant",[deleted],https://i.redd.it/39kyw141tto11.jpg,1538073697.0,562,0.93,63,CasualUK,[deleted]
9jf19c,This means war!,,https://i.redd.it/jzpv3d3njto11.jpg,1538070462.0,221,0.93,24,CasualUK,[deleted]
9jexsj,Northern Rail trying to pretend their service isn‚Äôt terrible everyday.,,https://i.redd.it/js6fa31nhto11.jpg,1538069791.0,70,0.86,19,CasualUK,MatthewM-T
9jefar,"Facebook ad of the week. Yes, I imagine the convenience.",[deleted],https://i.redd.it/o3z1n0lj6to11.jpg,1538066263.0,57,0.93,3,CasualUK,[deleted]
9jeeo2,Picked the butternuts today!,,https://i.redd.it/qitp6blr6to11.jpg,1538066134.0,54,0.92,14,CasualUK,FlickGC
9je9db,The Chase packing no punches with its questions today,,https://i.redd.it/0p58634l3to11.jpg,1538065065.0,1282,0.95,81,CasualUK,RichBrit
9je47y,Absolutely essential,,https://i.redd.it/quhsoueo0to11.jpg,1538064086.0,120,0.93,9,CasualUK,zombiecookie8
9je0g2,Just took my T Shirt out the wash and this sticker is on it. I am honestly perplexed. This is the weirdest way I have ever been insulted &amp; I have no idea who or how.,,https://i.redd.it/yyoqmxhfyso11.jpg,1538063353.0,365,0.96,25,CasualUK,millsytime
9jdqxd,"Hard luck, you're going late today.",,https://i.redd.it/ndzyzzkxsso11.jpg,1538061480.0,1410,0.96,74,CasualUK,H4R4MBAE
9jd4mw,I love these windows in Gloucester Cathedral,,https://imgur.com/YQXTlIF,1538056935.0,211,0.96,40,CasualUK,Sahbak
9jcxfk,Have Marks and Sparks taken this too far?,[deleted],https://i.imgur.com/G2b9zHI.jpg,1538055364.0,236,0.95,54,CasualUK,[deleted]
9jcnu2,This was on a handout I received whilst on holiday in Turkey... Never found out who he was though,,https://i.redd.it/yg9sybii4so11.jpg,1538053275.0,555,0.96,41,CasualUK,jaarn
9jcegr,Asda ‚ÄòRollback‚Äô,,https://i.redd.it/j6msqi5xxro11.jpg,1538051052.0,171,0.94,25,CasualUK,Old-Blighty
9jcbin,Got these out the vending machine thinking they were ready salted. Lunch ruined.,,https://i.redd.it/38hqghbqvro11.jpg,1538050317.0,381,0.94,83,CasualUK,chos1mba
9jbsic,New shop by me just can‚Äôt get it right,,https://imgur.com/a/pBNaamY,1538045266.0,107,0.97,15,CasualUK,igotfit
9jbo7t,York's Minster,,https://i.redd.it/9q54zdxxcro11.jpg,1538044027.0,172,0.93,24,CasualUK,fasdfasfasdfadfasdf
9jbld5,A gaggle of swans who have decided to block the road in Dundee..,,https://i.redd.it/33tklobiaro11.jpg,1538043181.0,87,0.95,26,CasualUK,aygomyownroad
9jbgm1,What's the most ridiculous/tenuous nickname you know?,"For example, a kid at my school was nicknamed ""wheels"". People assumed it's cos was a fast runner (which was true, he always won long distance races). In fact his name was Marlon which became Melon &gt; Meelon &gt; MealsOn &gt; Meals On Wheels &gt; Wheels.",https://www.reddit.com/r/CasualUK/comments/9jbgm1/whats_the_most_ridiculoustenuous_nickname_you_know/,1538041746.0,55,0.95,74,CasualUK,[deleted]
9jb5zt,"It may seem a bit odd, but I do love my morning walks in to Canary Wharf at this time of year.",,https://i.redd.it/1egqsdsuvqo11.jpg,1538038250.0,107,0.95,26,CasualUK,Mini_Higg92
9jaw7o,I may be a philistine but I know what I like. Does anybody else think this stained window is absolute crap?,,https://i.imgur.com/vCbQkOa.jpg,1538034756.0,7877,0.95,523,CasualUK,Monsis101
9jaubr,Post your piss-stinking alleys/ginnels/jitties,,https://i.imgur.com/KS2b9Kj.jpg,1538034124.0,452,0.96,158,CasualUK,[deleted]
9jaig4,Foggy morning down south,,https://imgur.com/NVBWSqC,1538030319.0,222,0.96,8,CasualUK,Avalis1234
9j7r2a,My new favourite london tube ad,,https://i.redd.it/idtypa215oo11.jpg,1538005024.0,510,0.93,73,CasualUK,[deleted]
9j7agw,"Good news, your parcel has been Destroyed",[deleted],https://i.redd.it/vj208ve2uno11.jpg,1538001399.0,89,0.78,20,CasualUK,[deleted]
9j6ia8,"Update on the spaghetti saga: Waitrose (&amp; Partners) kindly sent me a voucher for ¬£3.40, which is probably double what the spaghetti cost. Bonus feature: today‚Äôs pack was overweight at 537 g!",,https://i.redd.it/61mof8mcdno11.jpg,1537995706.0,126,0.94,42,CasualUK,dirtychinchilla
9j6ajv,Spotted in Nottingham Broadmarsh center...,,https://i.redd.it/6q3iwmyx8no11.jpg,1537994228.0,123,0.93,20,CasualUK,Bush_Warrior
9j55ii,Getting a bit of recognition,,https://i.redd.it/4x6rzl12uko11.jpg,1537986560.0,258,0.94,19,CasualUK,missgraceangel
9j54m1,"Who's going to get a petition going then, or are we too traditional for this shit?",,https://i.redd.it/515jzm753lo11.png,1537986389.0,339,0.97,49,CasualUK,[deleted]
9j4zxi,Just found this neat spin-off on the Great Bake Off.,,https://66.media.tumblr.com/12a06657d268ca3dc1a38fa9f007cc2f/tumblr_pcycus8fRs1r28dtro1_1280.png,1537985511.0,150,0.9,14,CasualUK,WufflyTime
9j4r13,Neighbourhood dog turd drama (Came through the letterbox today).,[deleted],https://i.redd.it/8lg47d15emo11.jpg,1537983865.0,476,0.99,46,CasualUK,[deleted]
9j4492,Tesco now tells you when an item is back in stock,,https://i.imgur.com/8db9Hs0.jpg,1537979635.0,332,0.98,67,CasualUK,Havoksixteen
9j425j,How nice of reddit to set up a dating site for me!,,https://i.redd.it/d21cdhhf0mo11.jpg,1537979255.0,272,0.98,8,CasualUK,Mike-__-Hunt
9j3stg,"Everyone! Post pics of the tribal uniforms, worn by the warring factions of your high school years!",,https://i.imgur.com/EisfLJc.jpg,1537977576.0,64,0.93,48,CasualUK,loudribs
9j38ir,Interesting new range by Renault...,,https://i.redd.it/yi48k3leklo11.jpg,1537973922.0,76,0.95,6,CasualUK,Inane_in_the_membran
9j2puz,A sneaky packet of French crisps in my British multipack ruined elevensies,,https://i.imgur.com/yA7SQVm.jpg,1537970198.0,174,0.95,27,CasualUK,gvkitchen
9j2o5e,"Those of us who read the Adrian Mole books as teenagers, and then again as adults, got two books for the price of one.","My mum gave me her copies of the first two Adrian Mole books when I was around 13 years old, roughly the same age as Adrian himself. I immediately fell in love with them and they were the first books to make me repeatedly laugh out loud. 

Of course, I viewed the entire story from the perspective of Adrian and agreed with his point of view the entire time - school, bullies, girls, puberty, etc. In some ways, I too was a teenager like Adrian - a bit pompous, thought I was more intelligent and worldly than I actually was, and extremely naive. When the next door neighbour, Mr Lucas, came over late at night to help Adrian's mother ""repair the boiler"" in the kitchen, and the door somehow got locked before they both emerged sweating, panting and half dressed, of course I agreed with Adrian that it would be messy work repairing a boiler! ;)

Then, of course, you go back and re-read them as a grown up, and a whole new world opens up. The themes of divorce, affairs, unemployment, politics, war, etc come through in ways that I didn't pick up on before. While I loved revisiting the old book, in some ways, it was also a whole new experience as I now picked up on the subtleties, jokes and double meanings that had gone over my head as a kid (ironically like Mole himself).

Did anyone else have a similar experience with the Mole books?
",https://www.reddit.com/r/CasualUK/comments/9j2o5e/those_of_us_who_read_the_adrian_mole_books_as/,1537969821.0,67,0.95,37,CasualUK,Truthamania
9j2fq7,What the hell,"I'm watching Countdown with my Pot Noodle, and my phone (Google Pixel 2) picks up the theme tune. If you don't know, the pixel phones have an inbuilt Shazam type feature, where it listens to songs and displays their titles along the bottom. 

Now, my phone lights up as the countdown clock comes on, and it says ""üé∂Now playing- There is Hope by Zoo Brazil"" so I YouTube it and it's some hip techno song that sounds similar to my normal lunchtime TV viewing. Had to share, it's just baffled me a bit. ",https://www.reddit.com/r/CasualUK/comments/9j2fq7/what_the_hell/,1537968065.0,56,0.88,29,CasualUK,hauntedbundy_
9j2abt,They could at least buy me a drink first...,,https://imgur.com/a/uWOFPfj,1537966931.0,82,0.95,14,CasualUK,[deleted]
9j260g,The Scottish pigeon has left Manchester,[deleted],https://www.reddit.com/r/CasualUK/comments/9j260g/the_scottish_pigeon_has_left_manchester/,1537965946.0,54,0.93,10,CasualUK,[deleted]
9j24h1,Do not get fully dressed!!,,https://i.redd.it/orkta5mtvko11.jpg,1537965607.0,158,0.98,56,CasualUK,SmallUK
9j1cj5,Some wholesome van art I saw this morning.,,https://i.redd.it/zyxb7b1gako11.jpg,1537958408.0,70,0.94,8,CasualUK,highlander2189
9j18e1,Who the fuck has a fake favourite film? How often does this come up in conversation?,,https://i.redd.it/fz4e7sds6ko11.jpg,1537957177.0,209,0.94,182,CasualUK,[deleted]
9j14il,Truly a thing of beauty,,https://i.redd.it/s1g00dftgho11.jpg,1537956046.0,58,0.92,16,CasualUK,howdosemicolonswork
9j0zn7,Today is the first day since March where nights are longer than days. Enjoy your hibernation everyone,,https://www.timeanddate.com/sun/uk/london,1537954438.0,82,0.96,18,CasualUK,chelseasaints
9j0xwj,"¬£1 Shop closes, ¬£5 Shop opens. It begins...",,https://i.redd.it/jkur0m7wwjo11.jpg,1537953851.0,231,0.98,87,CasualUK,jak_hungerford
9j0p9x,SHUT THE GATE! (Found in local village park),,https://imgur.com/rO0xTVN.jpg,1537950983.0,332,0.98,59,CasualUK,Atwoo
9iwo9g,We have some great people here in Hull,,https://i.redd.it/ypkbmtqdlgo11.jpg,1537913787.0,254,1.0,28,CasualUK,mrbeedle24
9iwlgi,A Google Streetview gem,,https://i.redd.it/8e7hcgvyjgo11.jpg,1537913182.0,82,0.95,2,CasualUK,Pineaaapple
9iwge1,"Tonight's result, don't know if I should just cry or be pissed off haha",[deleted],https://i.redd.it/xzedfjbuggo11.jpg,1537912132.0,182,0.96,31,CasualUK,[deleted]
9iw9zw,Surrey Police are absolutely ruthless,,https://i.redd.it/oew7tj1lbgo11.png,1537910840.0,149,0.95,32,CasualUK,Bowl_of_milk
9iw3lm,Young Richard Branson looked like Austin Powers,[deleted],https://i.redd.it/ziwsa3lvffo11.png,1537909561.0,54,0.89,5,CasualUK,[deleted]
9ivjvm,Guy in the new series of the apprentice has three hands,,https://i.redd.it/aoy6sfrtxfo11.jpg,1537905737.0,361,0.98,43,CasualUK,[deleted]
9ivjgk,South Shields sea front,,https://i.redd.it/wvv89gykxfo11.jpg,1537905665.0,54,0.91,23,CasualUK,[deleted]
9iv65a,Found in Northampton,,https://i.redd.it/tt0i8sy2qfo11.jpg,1537903134.0,66,0.96,11,CasualUK,Notrom747
9iv3y3,They must have been nuts.,,https://i.redd.it/cx1sspvuofo11.jpg,1537902721.0,86,0.97,10,CasualUK,ppizzasnack
9iuzeq,I work at Argos and today we had an elderly lady in looking nervous and scared as she asked for ¬£500 in Steam vouchers.,"Naturally we refused the sale as we suspected she was being coerced into buying the vouchers.

Just a heads up to warn your elderly relatives that the scammers will target them and to seek help or assistance from the police.",https://www.reddit.com/r/CasualUK/comments/9iuzeq/i_work_at_argos_and_today_we_had_an_elderly_lady/,1537901877.0,235,0.99,87,CasualUK,Tehgumchum
9iujwj,Possibly the mot disgusting sounding drink ever,,https://i.redd.it/yjh3c0gcdfo11.jpg,1537898957.0,197,0.98,66,CasualUK,claireinmanchester
9iufjb,Passed my driving test today. No car yet but I've improvised.,[deleted],https://www.reddit.com/r/CasualUK/comments/9iufjb/passed_my_driving_test_today_no_car_yet_but_ive/,1537898142.0,60,0.96,11,CasualUK,[deleted]
9iu38r,Tough crowd,,https://i.redd.it/pemb4wyd4fo11.jpg,1537895839.0,3614,0.95,74,CasualUK,Muzeah
9iu14t,Bristol By Night,[deleted],https://i.redd.it/v7luxui83fo11.jpg,1537895450.0,107,0.98,18,CasualUK,[deleted]
9ity6k,Another bucket list item checked.,,https://i.redd.it/mkyppe2m1fo11.jpg,1537894914.0,775,0.97,82,CasualUK,Spankythemusical
9itske,Who decided that this was a good name for a firm of lawyers?,,https://imgur.com/R0nKRyz,1537893902.0,296,0.99,34,CasualUK,iff_true
9itp28,The difference in baggage handlers at South African and English airports,,https://v.redd.it/kk9pyhmmkdo11,1537893230.0,233,0.95,55,CasualUK,nbellc
9itfld,I hate Blackpool sometimes.,,https://i.redd.it/u2hshl1ereo11.jpg,1537891485.0,74,0.93,11,CasualUK,wastefxl
9istmm,IÕúÃ¥ ÃïÃ¢ÕúHÕüÃ∂AÕ°VÕÄÕèEÕ¢ NÃïÕòÕ¢OÕ†Õ¢ Õ¢EÕ¢Õ†YEÕûÕÄÃïSÃïÃµ ÕúÃ∂Ã∏AÕòNÕ¢Õ†Õ°DÃßÃ∑ Ã∑IÃ∂ Õ°MÃõUÃ°ÕòSÃ¥Ã°TÃ°Õ° ÕÅÕèSÕÄCÃ®Ã®RÃßÕüEAÃïÃïÃïM,,https://i.redd.it/69xnpg2ueeo11.jpg,1537887323.0,147,0.93,11,CasualUK,heliorm
9isbtg,Greg Davids personal life on Wikipedia only mentions his height.,,https://i.redd.it/q0yzheof4eo11.jpg,1537883746.0,351,0.94,61,CasualUK,JamesForrest18
9iru8c,"Creating a brand: Yeah, ‚ÄòNut Milk‚Äô is perfect",,https://i.redd.it/n1wkuvn0tdo11.jpg,1537879906.0,171,0.96,33,CasualUK,Sylocule
9irsyy,"The frost sign illuminated for the first time in 5 months, oh how I‚Äôve missed thee!",,https://i.redd.it/s4e6pqe5sdo11.jpg,1537879614.0,108,0.94,40,CasualUK,mas-sive
9irmmv,Housemate got me an interview with the Freemasons grand secretary next week.,"I'm pretty chuffed today because I've learned I have an interview with the Freemasons next Tuesday (after being introduced through a housemate who is also looking to join through a family member). If it's true that there are career perks in this, I'm hoping this could help in my job search.

Anyway, I was hoping for some advice on the questions on the application form (I need to send the form back today and will be asked about it at the interview).

**Occupation:(e.g., director, manager, technician, carpenter, shop assistant etc. Please state if self-employed / retired  etc**

My previous role was 'deli assistant' at Asda, but I am currently 'unemployed' which is not an option on the application form. Should I put 'deli assistant' or maybe 'self-employed' (as I've technically had my own business in the past year from selling stuff at the bus station/car boot)?

**Wife‚Äôs / Partner‚Äôs name**

I do not have a wife or partner, I'll just leave this section blank? Or are they looking for a female support as part of the application? I'm on better terms with my mum after the weekend, so I could put her down?

**Is your wife / partner happy for you to be a Freemason?**

Again, I don't have a wife or partner, do I leave blank or put mum's name?

**Do you believe in a Supreme Being? (e.g. God/Allah /Yaweh/Creator of the Universe, etc) YES / NO**

I'm mostly in the 'don't know' camp here, which isn't an option. Should I circle both boxes? Although I don't mind believing in a God if it helps my career, so I could just tick 'yes' and hope they don't ask too much about it at the interview.

**Why do you want to become a Freemason?**

Honestly, it's mostly because people on here said it can help with job perks/free plumbing/free holidays. But I figure it isn't good to put that, so I was thinking of saying something like 'because I believe and respect the legends, and want to join a brotherhood'. Any thoughts?

**What advantages do you see in becoming a Freemason?**

See above. 

**What do you expect to gain from Freemasonry?**

See above. I don't 'expect' to get career advantages and affordable tradeswork, but it would be very handy.

**There is a financial aspect to Freemasonry. Along with Dining fees and subscriptions, your annual cost may run up to ¬£500 or more.  Are you {and your Wife/Partner} happy that this will not cause financial embarrassment to you or your family?**

This cost could be a problem, and I'd like to ask here what the cheapest subscription is (as I can't afford ¬£500 a year, not for embarrassment reasons but because I need to eat/drink/pay mortgage). I guess this answer will depend on if I put mum's name down at my partner, because honestly she probably wouldn't be happy with me spending my money on this (as she lent me a bit on Sunday for essentials).

I'm trying to be careful with my answers, so any help on the application form would help a lot. Also, any advice on what to wear to the interview? I don't have a suit (I've got a white shirt and a dark denim coat that looks a bit like a suit jacket), but I have my old Asda uniform and I obviously have my normal clothes (T-shirts, jeans). ",https://www.reddit.com/r/CasualUK/comments/9irmmv/housemate_got_me_an_interview_with_the_freemasons/,1537878030.0,92,0.87,76,CasualUK,TopTrumpWANKER
9ir823,Spotted in Angelsey!,[deleted],https://i.redd.it/hvs7yv5lbdo11.jpg,1537874046.0,98,0.94,15,CasualUK,[deleted]
9ir60h,If you work in an oppressive office block you can rely on these guys to transport you to safety.,[deleted],https://i.imgur.com/cQeWYzd.jpg,1537873459.0,109,0.92,30,CasualUK,[deleted]
9ir2f8,Nickname origin thread,"I like hearing random stories about how you/people you know got their nicknames.

I'll start - I know a bloke called cheesy because he once had cheese sandwiches when we went somewhere for a day out",https://www.reddit.com/r/CasualUK/comments/9ir2f8/nickname_origin_thread/,1537872395.0,93,0.98,152,CasualUK,Jim-Plank
9ir0cy,This road sign next to the Cerne Abbas Giant,,https://i.imgur.com/q0cGXvM.jpg,1537871752.0,348,0.98,15,CasualUK,Dafman
9iqw85,So this just pulled up at a petrol station in Manchester... THE YANKS ARE HERE!,,https://imgur.com/UfAVOc1,1537870465.0,269,0.98,50,CasualUK,Autisticunt
9iqc7u,A tale of two sausages,"So I'm in Morrisons, checking out the hot bit for my breakfast.

I see a sign saying 4 jumbo sausages for ¬£2.20, my chins all a quiver with anticipation I look down and see that there are two sizes of sausage, one big one small. 

Ooh that will do nicely says me

I order and to my horror she reaches for the smaller sausages! 

Wait, I cry. What are you doing! Those are not jumbo, they are small! 

""jumbo means the small ones"" 

Jumbo, my dear casualuk, means the small ones. 

Seconds away from slipping into a coma from shock, I thank her and depart. 

So casual uk, when have you been bamboozled by a sign, or knocked for six by odd use of our language? 

",https://www.reddit.com/r/CasualUK/comments/9iqc7u/a_tale_of_two_sausages/,1537863623.0,355,0.98,150,CasualUK,[deleted]
9iq5id,There are some benefits to getting up early for the train.,,https://i.redd.it/94s1bthj9co11.jpg,1537861253.0,2683,0.99,70,CasualUK,-Dastardly-
9iq501,"BBC Breakfast have a tiny little newsroom behind them, presumably for mouse-news. ü§îüêÅ",,https://i.redd.it/7ehit5lz8co11.jpg,1537861068.0,680,0.98,33,CasualUK,b45t4rd_b1tch
9ipn94,Misty Bedfordshire morning.,,https://imgur.com/c0krEam.jpg,1537855307.0,60,0.95,8,CasualUK,SaltireAtheist
9imz0a,I got this from BBC news on my phone's news feed. The models for this photo shoot obviously had some fun setting up the Scrabble board.,,https://i.redd.it/om69lw09t9o11.jpg,1537831556.0,57,0.94,2,CasualUK,Raoul24601
9ilwia,Fixed the title for you Morrisons,,https://i.redd.it/eq20p24949o11.jpg,1537823456.0,97,0.96,13,CasualUK,addfuture
9ilfwi,Life imitates art.,,https://i.redd.it/j4ouzftav8o11.png,1537820254.0,542,0.98,46,CasualUK,NuclearPissOn
9ilf6v,Didn't we all,,https://i.redd.it/8rfh57g7s8o11.png,1537820119.0,949,0.99,59,CasualUK,youmes
9ilaz4,my GCSE French teacher being passive aggressive on an online quiz,,https://i.redd.it/zhwi5hivs8o11.jpg,1537819323.0,147,0.99,4,CasualUK,GandhisFlipFlops
9ikwb3,Someone at my local gym forgot to switch accounts,[deleted],https://i.redd.it/0eq3ymmmk8o11.jpg,1537816550.0,753,0.99,44,CasualUK,[deleted]
9iku6s,Don't Blink.,,https://i.redd.it/32b2kytbj8o11.jpg,1537816150.0,118,0.99,24,CasualUK,BottleGoblin
9ik9lu,"So my Dog found this, he looks pretty smug about it",,https://i.redd.it/irzr3fxq78o11.jpg,1537812248.0,89,0.88,15,CasualUK,EwanWhoseArmy
9ik90e,I moved in 3 weeks ago and the Council wanted ¬£50 for a blue bin! I nabbed my sisters spare black bin and sprayed it! All for under a tenner!,[deleted],https://i.imgur.com/u5CRTJZ.jpg,1537812143.0,187,0.99,36,CasualUK,[deleted]
9ik6i8,Shop cat that I met in Camden today! Such a pretty kitty!,,https://i.redd.it/3jql9ia368o11.jpg,1537811666.0,102,0.95,11,CasualUK,spiders_are_scary
9ij8p4,Spotted in Bristol. Elliott must've fallen out with him.,,https://i.redd.it/7cxjdvw5n7o11.jpg,1537805397.0,70,0.93,5,CasualUK,Stittastutta
9ij0ew,A fox basks in the last of the sun,,https://i.redd.it/q20hf02fi7o11.jpg,1537803808.0,96,0.98,7,CasualUK,icedchicken86
9iitlt,Anyone else find the Cineworld advert guy a little... unsettling?,,https://i.redd.it/tlf7cf9re7o11.jpg,1537802468.0,97,0.98,41,CasualUK,Dr_Manhammer
9iiqwo,These 2 missed delivery notes from my courier,,https://i.redd.it/c5tf9h87d7o11.jpg,1537801948.0,273,0.99,40,CasualUK,_milespi
9iijk8,Took a diversion from work to ‚Äúthe best view in England‚Äù did not disappoint,,https://i.redd.it/g1wdtz2097o11.jpg,1537800538.0,76,0.94,12,CasualUK,YoidMan
9iih1a,Local news being savage af,,https://i.redd.it/hbegpvwf77o11.jpg,1537800031.0,65,0.93,6,CasualUK,nocte_lupus
9iid2i,My company organised an event in a local club a few months back. My friend left his bag there and I received a reply yesterday.,[deleted],https://i.redd.it/rxd1rz1257o11.jpg,1537799211.0,59,0.99,27,CasualUK,[deleted]
9ihtb8,Found a twin conker that looks like a dragons eye!,,https://i.redd.it/ebjh4kp3s6o11.jpg,1537794885.0,748,0.99,23,CasualUK,swag-team
9ihm46,Tempting graffiti,,https://i.redd.it/r2fn18p7n6o11.jpg,1537793216.0,103,0.96,5,CasualUK,punter1414
9ihgwt,"I believe his mother posted here a few days ago about him being missing. Just saw this on Twitter, rest in peace.",,https://twitter.com/i/moments/1043904949636272129,1537791917.0,129,0.93,37,CasualUK,Loxnaka
9ihetk,True dat,,https://i.redd.it/gnuzkoirh6o11.jpg,1537791373.0,1762,0.98,94,CasualUK,ArthurD4V135
9ihca7,I bought this stick of rock in Great Yarmouth. What has this world come to?!,,https://i.redd.it/33ndcnlsf6o11.jpg,1537790712.0,137,0.96,36,CasualUK,JovialPerch
9ih6ut,Here's hoping that the new Bumblebee Transformer's film will be inspired by the 1991 classic British TV series Brum,[deleted],https://i.redd.it/mundax84b6o11.jpg,1537789204.0,356,0.99,16,CasualUK,[deleted]
9ih5wu,Top quality street art spotted in Sheffield,,https://i.redd.it/9gao3uaia6o11.jpg,1537788933.0,83,0.97,25,CasualUK,lovethydessert
9ih3kd,"The original (for me) ""Chocolate Crunch"" recipe acquired from the school cookbook whilst it was still council run. Thought you guys might enjoy it!",,https://imgur.com/6DUZt0x,1537788277.0,66,0.99,31,CasualUK,eca3617
9igz8h,Is it me or is everyone ill today?,,https://www.reddit.com/r/CasualUK/comments/9igz8h/is_it_me_or_is_everyone_ill_today/,1537787062.0,59,0.92,49,CasualUK,Autisticunt
9igo16,Slightly threatening update from UKMail,,https://i.redd.it/6ozqylshu5o11.jpg,1537783546.0,12598,0.97,119,CasualUK,Gadget_SC2
9ignl0,"Oxo cubes are just edible bath bombs, change my mind",,https://i.imgur.com/LVBMiT7.png,1537783393.0,519,0.96,82,CasualUK,Tailend22
9igi5e,"Why do I feel compelled to pick these up? I'm a grown man with no kids, and haven't played conkers for years, but ..can't.. stop!",,https://i.redd.it/a3j6b5dbo5o11.jpg,1537781472.0,903,0.99,119,CasualUK,Rev_dino
9igcnb,Nemo &amp; chips,,https://imgur.com/ob5cagk.jpg,1537779501.0,155,0.93,13,CasualUK,karate-dad
9ig7tm,At a British hospital,,https://i.redd.it/plmk8nfjc5o11.jpg,1537777607.0,997,0.95,49,CasualUK,My_Name_Is_Connor
9ig2h1,"‚ÄúGosh, isn‚Äôt it cold today‚Äù ~ Everyone, today",See also: ‚ÄúBloody hell it‚Äôs cold‚Äù and ‚ÄúWinter‚Äôs arrived!‚Äù ,https://www.reddit.com/r/CasualUK/comments/9ig2h1/gosh_isnt_it_cold_today_everyone_today/,1537775585.0,241,0.98,97,CasualUK,Battery_Powered_Box
9ifz4g,Guess I'll not be taking the recycling anywhere today then.,,https://i.redd.it/s22q4me335o11.png,1537774333.0,139,0.97,17,CasualUK,Pippapottamus
9ifx2t,Speeding drops by 1%,,https://i.redd.it/y6tcg78y05o11.jpg,1537773617.0,413,0.98,24,CasualUK,ItsRobbo
9iftby,"Why the fuck is it frosting already, where's our Indian summer gone!?",,https://i.redd.it/452x6p69x4o11.jpg,1537772399.0,144,0.94,42,CasualUK,wjhall
9ift00,Who remember this bad boy?,,https://i.redd.it/pa7vxqgzw4o11.jpg,1537772278.0,1000,0.98,53,CasualUK,josephs555
9idbjd,"To be honest, not what i expected when i went round to sort someones electrics out.",,https://i.redd.it/32spxayiw2o11.jpg,1537747919.0,83,0.93,21,CasualUK,BIGBIGTooommy
9ichaf,üí©üëÉ‚ùÑÔ∏èüçë,,https://i.redd.it/khrdjze6b2o11.jpg,1537740932.0,509,0.97,76,CasualUK,[deleted]
9ic88l,I mean...,,https://i.redd.it/nit43lqx52o11.jpg,1537738976.0,119,0.96,18,CasualUK,Corey_Austin1
9ibywu,"Whilst sending a complaint email to Kellogg‚Äôs about the new coco pops recipe I got presented with this question, how could I not pick ‚Äòmiffed‚Äô?",,https://i.redd.it/fnapxh9402o11.jpg,1537737010.0,163,0.97,14,CasualUK,jack-mackenzie
9ibviu,Oh balls,,https://i.redd.it/s6g2e8kzx1o11.jpg,1537736294.0,160,0.94,22,CasualUK,psgenius
9ibeiq,I knew there was going to be a moment which made the dash cam worth buying. This is not what I expected that to be..,,https://gfycat.com/CraftyYoungBarracuda,1537732886.0,15731,0.97,381,CasualUK,dispatchingdreams
9ibdbk,This is Otto,,https://i.redd.it/iiizltstm1o11.jpg,1537732639.0,496,0.95,45,CasualUK,wambampram
9ib8bx,"I made shortbread from scratch, get the kettle on",,https://imgur.com/OSV5jbt,1537731651.0,373,0.99,34,CasualUK,nathanmcc1
9iaseg,"Saw this in The Kings Head, Santa Monica. RIP Fred.",,https://i.redd.it/stqqgkrka1o11.jpg,1537728422.0,71,0.95,7,CasualUK,smugglers_cove
9iasan,PSA: Rate my tea.,[deleted],https://www.reddit.com/r/CasualUK/comments/9iasan/psa_rate_my_tea/,1537728405.0,134,0.96,62,CasualUK,[deleted]
9iaqsh,"Christchurch, Dorset - As featured in the masterpiece that was Mortimer &amp; Whitehouse: Gone Fishing",,https://i.redd.it/plmqsgcn91o11.jpg,1537728112.0,70,0.94,4,CasualUK,SouthCoaster68
9ia64l,It‚Äôs getting autumnal! Yay!,,https://i.redd.it/62kyjnq6x0o11.jpg,1537723920.0,62,0.94,4,CasualUK,FlickGC
9ia3m5,Does every household in the country have one of these or is it a southwest thing?,,https://i.redd.it/5b68m26nv0o11.jpg,1537723405.0,55,0.92,20,CasualUK,Clomojo87
9i9pkn,A local sign for local people,,https://i.redd.it/5gmra6n2n0o11.jpg,1537720517.0,144,0.97,29,CasualUK,DaoRaven
9i9nqb,"My dinner - pot noodle, chips, fish fingers , smiley faces and chicken nuggets, topped with cheese.",,https://i.redd.it/evpiqfnvl0o11.jpg,1537720129.0,92,0.71,89,CasualUK,PM-ME-CRYPTOCURRENCY
9i9bym,York Castle,,https://i.redd.it/9ggc95q9e0o11.jpg,1537717669.0,94,0.92,27,CasualUK,sentienttent
9i9bsa,"Thank you, inspirational ticket machine",,https://imgur.com/tFRQKI3,1537717631.0,2273,0.99,45,CasualUK,BlueInq
9i91s0,At least I get to see the sun,,https://imgur.com/feOdhK1,1537715406.0,152,0.89,23,CasualUK,bobohead1988
9i8zxm,The brake lights on this mini!,[deleted],https://i.redd.it/mbdgv8bn60o11.jpg,1537714993.0,245,0.86,54,CasualUK,[deleted]
9i8n9x,"Shildon, Durham",,https://imgur.com/QMWLee7,1537712042.0,75,0.97,13,CasualUK,Temuriswig
9i8lsd,‚ÄúSausage &amp; Egg‚Äù,,https://i.redd.it/jt2msnvswzn11.jpg,1537711684.0,127,0.95,40,CasualUK,OnlySaysHaaa
9i8gu3,"Went to a wedding show, and got this in our goody bag. What everyone needs for the perfect wedding",,https://i.redd.it/4900z2dqszn11.jpg,1537710372.0,62,0.98,29,CasualUK,[deleted]
9i81ps,Lovely day for some plane spotting at Manchester airport.,,https://i.redd.it/j0hbvy93gzn11.jpg,1537706067.0,74,0.89,19,CasualUK,Bracken1995
9i7fhr,"Girlfriend went to the shop this morning, good haul?",,https://imgur.com/7whWHqe,1537698145.0,79,0.83,45,CasualUK,dont_get_pushy
9i7ds5,Just love this Sunday lay in,[deleted],https://i.redd.it/ywu6vaflqyn11.jpg,1537697488.0,138,0.98,10,CasualUK,[deleted]
9i7d4f,Found the Australian section in Wilkos.,,https://i.redd.it/3gin1bttpyn11.jpg,1537697231.0,675,0.94,11,CasualUK,Rextherabbit
9i79nz,Our family came back with some lovely pictures from the Norfolk Broads.,,https://i.redd.it/tx4964qklyn11.jpg,1537695799.0,74,0.95,13,CasualUK,dgtill
9i78j3,You're pregnant again?!,,https://i.redd.it/9p3kyow5kyn11.jpg,1537695325.0,1225,0.98,64,CasualUK,welshie123
9i6yal,Respect given to their favourite haemorrhoid product,,https://i.redd.it/gv6fbciy7yn11.jpg,1537691221.0,123,0.98,5,CasualUK,samdraper
9i6vu4,"Tut, Chuggers these days...",,https://i.redd.it/xgo7vw425yn11.jpg,1537690249.0,68,0.95,5,CasualUK,Holweg
9i6r95,"Highbrow Sunday. Fellow CasUK cognoscenti, aesthetes and connoisseurs, what is your favourite Contemporary Art picture ? Here's mine : The Temptation of St Anthony by Salvador Dali.",,https://imgur.com/uTDxzkO,1537688420.0,58,0.89,34,CasualUK,HPB
9i5atv,You should always be prepared to protect what is most precious to you.,,https://imgur.com/09wfwpj,1537670872.0,6760,0.97,135,CasualUK,Grubbery
9i5068,Storm Ali shifting this tree on my mates house!,,https://imgur.com/SiREyWS,1537667964.0,63,0.98,8,CasualUK,fabendas
9i383i,Anytime except now that is.,,https://i.imgur.com/epKCzJy.jpg,1537651552.0,351,0.97,27,CasualUK,Know_The_Ledge
9i33r2,Very cheeky there Poundland,,https://imgur.com/wlgsBvu.jpg,1537650600.0,101,0.95,4,CasualUK,mattthepianoman
9i2y6x,Danny John-Jules aka Cat from Red Dwarf is on strictly he needs to dance to this song...,,https://www.youtube.com/watch?v=yn8wWQweNbU,1537649313.0,62,0.9,19,CasualUK,-Silverfoxx
9i2kn7,"How do hospitals get away with giving this, to adults, as a drink.",,https://i.redd.it/vc83r9maiun11.jpg,1537646276.0,109,0.89,80,CasualUK,millsytime
9i2jlj,Gutting.,[deleted],https://imgur.com/O0qGLRx,1537646033.0,381,0.98,47,CasualUK,[deleted]
9i2ihq,How about a Scottish ¬£1 note I've had 17 years,,https://i.redd.it/477v1s7sgun11.jpg,1537645762.0,151,0.97,20,CasualUK,totallymintlike
9i2hah,Spotted in John Lewis today. The irony.,,https://i.redd.it/7c17183zfun11.jpg,1537645491.0,380,0.98,17,CasualUK,BiddyBidBid
9i2ebw,The original Antiques Roadshow intro overlaid with the Bottom theme tune is the most perfect televisual thing I've ever seen,,https://v.redd.it/ho8kshrydun11,1537644881.0,90,0.93,15,CasualUK,InappropriateSurname
9i2a1d,Me &amp; the wife spend about ¬£30 a week on our favourite takeaway. Thought I'd have a go doing it myself. Pretty proud of myself,,https://imgur.com/38ZxSl8,1537643911.0,248,0.94,41,CasualUK,[deleted]
9i29he,Traitor and enemy of the people.,,https://i.redd.it/y3fj5gkwaun11.jpg,1537643783.0,425,0.99,16,CasualUK,ScreamOfVengeance
9i28qd,Tyne Bridge,,https://i.redd.it/iii6s1leaun11.jpg,1537643621.0,569,0.98,85,CasualUK,[deleted]
9i1t84,Found my spirt animal.,,https://i.redd.it/abar6e9g0un11.jpg,1537640300.0,171,0.98,18,CasualUK,shauncheese
9i1poj,The photo for Bank of Scotland Cumbernauld...,,https://i.imgur.com/p67N4h5.jpg,1537639543.0,702,0.99,41,CasualUK,Lethal_Spectrum
9i1m3j,10/10 would make again,,https://i.imgur.com/1OLGdzv.jpg,1537638774.0,205,0.91,93,CasualUK,9DAN2
9i19wj,Robert the Bruce is perturbed at the lack of representation on here.,,https://i.imgur.com/9tbzMuy.jpg,1537636128.0,87,0.95,19,CasualUK,gazchap
9i0jf1,"There are some terrifying dangers about, stay safe everybody x",,https://i.redd.it/2pp534uj6tn11.png,1537630357.0,63,0.9,15,CasualUK,HPBChild1
9i0g1a,The Official Casual UK fireplace ornament,,https://i.redd.it/e0xw95rj4tn11.png,1537629591.0,299,0.99,22,CasualUK,EwanWhoseArmy
9i0f9i,Should have gone to...,,https://i.redd.it/zxz4x7w64tn11.jpg,1537629418.0,367,0.97,19,CasualUK,Vintage_Daydream
9i0cyx,I thought it was just American coppers?! Birmingham New Street.,,https://imgur.com/uWAOmKo,1537628904.0,373,0.96,60,CasualUK,heurrgh
9i01ii,To the biker who helped my stranded mum change her tyre in Oxford last Saturday and got a tortilla for his troubles: Thank You!!!,,https://i.redd.it/0teuczgwusn11.jpg,1537626296.0,138,0.95,27,CasualUK,HYThrowaway1980
9hzt2s,"I finally decided to attempt making the americans ""Biscuits and Gravy""",,https://i.redd.it/1hos8rsrosn11.png,1537624241.0,1821,0.96,246,CasualUK,runew0lf
9hzs1p,Casually being from the UK and checking in on Old Friends Senior Dog Sanctuary like üëÄ,,https://i.redd.it/nla0oe11osn11.jpg,1537623982.0,294,0.97,16,CasualUK,SpecialK1985
9hzebh,"Just a regular corner shop. Wanker‚Äôs Country Store at Wankers Corner, Oregon.",,https://i.redd.it/c1psqmlpcsn11.jpg,1537620177.0,224,0.97,17,CasualUK,FecklessFridays
9hzdeo,"I see your 50, 100 and 1,000,000 pound notes and it‚Äôs making me feel a bit inadequate:(",,https://i.redd.it/y00a3xxrbsn11.jpg,1537619873.0,149,0.97,25,CasualUK,DededeMain27
9hz9f6,Chas Hodges from Chas and Dave has sadly passed. RIP.,,https://www.reddit.com/r/CasualUK/comments/9hz9f6/chas_hodges_from_chas_and_dave_has_sadly_passed/,1537618633.0,120,0.97,34,CasualUK,Sparx808
9hz7g6,"I see your ¬£50 and ¬£100 banknotes, and well....it's over Anakin.",,https://i.redd.it/5tns8vkf6sn11.jpg,1537618070.0,64,0.88,13,CasualUK,[deleted]
9hz78s,Sandwich shop in Bradford. I go past here most days and feel like it would be appreciated here,[deleted],https://i.imgur.com/5pBgVzk.png,1537618009.0,291,0.98,16,CasualUK,[deleted]
9hz365,With all the love for the derpy welsh dragon I wanted to share our tour top welsh flag..,,https://i.redd.it/1s7b8qnc2sn11.jpg,1537616735.0,344,0.97,5,CasualUK,[deleted]
9hz1pg,Two double yolkers from the last two eggs in the box. What a start to the weekend.,,https://i.redd.it/zkfmwpcx0sn11.jpg,1537616218.0,291,0.97,26,CasualUK,essexlad1976
9hyvlk,Homage to Mr Blobby on the IoW,,https://imgur.com/9W6TyVo,1537614152.0,96,0.96,15,CasualUK,samtl008
9hyuqm,The irony,,https://i.redd.it/25me4tfztrn11.jpg,1537613878.0,75,0.94,22,CasualUK,Scuntic
9hyunn,The bake off gang from a few seasons back have all gone on holiday to France together. Wholesome.,,https://i.redd.it/uzgibeprtrn11.png,1537613842.0,138,0.94,3,CasualUK,mappsy91
9hyjyz,On par with the day my kid was born,,https://i.redd.it/eo5yhi7hirn11.jpg,1537610034.0,1166,0.99,60,CasualUK,BluegillUK
9hyelw,I guess she could just wear the same thing this year and say she's Noel Fielding,,https://i.imgur.com/Oimiz5h.jpg,1537608036.0,222,0.95,36,CasualUK,DangerHobs
9hybz0,This modern and totally current bin in Hartlepool,,https://i.redd.it/m35l1ji9hek01.jpg,1537607034.0,1374,0.94,101,CasualUK,throthren
9hxzzp,Professional sign Ryanair are using to sell more priority boarding passes at Stanstead.,,https://i.imgur.com/cOW0Yfn.jpg,1537602394.0,147,0.98,52,CasualUK,tippitytappity
9hv1gn,Took this while in London today,,https://i.redd.it/rk4dzfcwcon11.jpg,1537571812.0,62,0.94,6,CasualUK,darkfollowslight
9huq0b,"Well, today was a success. Thanks for all the kind words is support CasualUK. Time for a nap.",,https://i.redd.it/b2j38pr35on11.jpg,1537569195.0,2377,0.92,226,CasualUK,millsytime
9htztk,Friday night gets crazy in our house.,,https://i.redd.it/1dthsx8konn11.jpg,1537563671.0,184,0.97,30,CasualUK,Duvetmole
9htoog,Someone put a CBR 1000 engine into a Reliant Robin. Why? Because you can,,https://www.youtube.com/watch?v=yWZcMlLdfpI,1537561325.0,55,0.94,11,CasualUK,ChimpyChompies
9htbxs,I seriously don‚Äôt understand the Great British Menu...,"Like why. I understand that it‚Äôs the 70th anniversary of the NHS but the chefs are just mental. The food feels just really standoffish even though it‚Äôs an important event. Like:


‚ÄòSteven has served a raw chicken tartare with a poached and flombayed rare purple ostrich egg on top. With it he has served a tree sap and alpaca spit reduction, which must be sipped through a single microherb to enhance the flavour, but not overpower it. Around the edge he dusts a horseradish and porcupine spike powder, and garnishes with a pine needle.‚Äô


The judges then absolutely love it despite the chalkiness of the alpaca spit. Then the sane person who was invited to judge is completely drowned out by the pretentious other judges, who talk about how the chicken could use a little more seasoning, however due to it being nice and moist they‚Äôd let it pass.


Bastards",https://www.reddit.com/r/CasualUK/comments/9htbxs/i_seriously_dont_understand_the_great_british_menu/,1537558747.0,69,0.93,23,CasualUK,GandhisFlipFlops
9ht7y2,A rare find,[deleted],https://i.imgur.com/7xaSurI.jpg,1537557938.0,100,0.96,9,CasualUK,[deleted]
9ht6uk,Discipline in Primary Schools. Are You Silly And Immature r/CasualUK ?,[deleted],https://i.redd.it/gpglyc3y6nn11.jpg,1537557711.0,375,0.97,96,CasualUK,[deleted]
9hszga,I wish this judgemental prick would stop staring at me on the tram.,,https://imgur.com/kFkAiC8.jpg,1537556246.0,81,0.94,18,CasualUK,ThePyroPython
9hsymu,I can‚Äôt wait until this is empty so that I can build a spaceship!,,https://i.redd.it/puopm1042nn11.jpg,1537556079.0,2203,0.97,74,CasualUK,Cleatus029
9hspfe,I think it‚Äôs probably for the best that someone had a rethink on this.,,https://i.imgur.com/X2XWMt3.jpg,1537554266.0,91,0.93,2,CasualUK,Turbo_Heel
9hshbq,When have you been a shitty customer?,"Ten years ago I was sold the wrong model Xbox. I went back to the shop to complain. I was a bit indignant. Manager said ‚ÄúI can only apologise.‚Äù
I said ‚ÄúGo on then.‚Äù
‚ÄúWhat?‚Äù
‚ÄúApologise. Saying ‚ÄòI can only apologise‚Äô is not an apology. Tell me you‚Äôre sorry.‚Äù
By now there was a large queue. 
After an uncomfortable silence the manager said ‚ÄúI am sorry‚Äù
I left feeling AMPED. Now I feel grubby. ",https://www.reddit.com/r/CasualUK/comments/9hshbq/when_have_you_been_a_shitty_customer/,1537552839.0,92,0.96,62,CasualUK,Nettofabulous
9hsc6p,Yodel driver made every effort to ensure my parcel was defended against the rain.,,https://i.redd.it/12h5y3xrpmn11.jpg,1537551948.0,203,0.98,23,CasualUK,marshallno9
9hs8b4,"Decisions, decisions",,https://i.redd.it/k7sdozhtnmn11.jpg,1537551272.0,73,0.98,7,CasualUK,Robtimus_prime89
9hs79s,Peak London,,https://i.redd.it/wbt1j5i7nmn11.png,1537551100.0,235,0.98,5,CasualUK,chriswells455
9hs3sx,Who else fell victim to the Mandela effect?,,https://i.redd.it/5lqdfidjlmn11.jpg,1537550506.0,55,0.88,51,CasualUK,Sheepsheepsheepdog
9hrhqc,The Great British Thank You Simulator,,https://i.imgur.com/8F3lSMO.jpg,1537546610.0,308,0.98,57,CasualUK,JollyFishing
9hqumm,"I'm all for detailed maps, but bloody hell...",,https://imgur.com/AcgP7dT,1537542604.0,155,0.95,18,CasualUK,SquireBev
9hq0w1,Facebook marketplace in my area never ceases to amaze me,[deleted],https://i.redd.it/w8xm2drwiln11.jpg,1537537513.0,182,0.98,48,CasualUK,[deleted]
9hq0sk,Storm Bronagh batters the UK. We will rebuild.,,https://i.redd.it/a3a0l71viln11.jpg,1537537496.0,75,0.91,6,CasualUK,Pal1_1
9hpcrk,"American guy here, just paid 8 bucks for HP brown sauce to get shipped here to try it","I liked it! To me it‚Äôs very similar to A1 sauce but less tangy and more sweet. It‚Äôs really just like a tangy ketchup. Btw, we should catch less crap about ketchup in America because HP was not that different. But all in all, good sauce, I would personally use it over ketchup, and wish it was sold here.",https://www.reddit.com/r/CasualUK/comments/9hpcrk/american_guy_here_just_paid_8_bucks_for_hp_brown/,1537533221.0,96,0.91,155,CasualUK,whitestrice1995
9hpch4,Good to see NCP's equal opportunity policy in effect,,https://i.imgur.com/Y2dEh.jpg,1537533170.0,80,0.96,7,CasualUK,feganmeister
9hp6pp,"Ask me any question about the UK, then edit the question to make my answer look awful","Not an original idea I know. Basically, the aim is to make me look like a moron. You ask a question, I give an honest answer, and it's up to you to ruin my reputation.

If you still don't get it, I did [one of these before](https://old.reddit.com/r/CasualUK/comments/7o4uqs/ask_me_any_question_about_the_uk_then_edit_the/), so take some inspiration from there.",https://www.reddit.com/r/CasualUK/comments/9hp6pp/ask_me_any_question_about_the_uk_then_edit_the/,1537532188.0,470,0.97,315,CasualUK,TheJeck
9hodl2,Spotted in Birmingham,,https://i.redd.it/k6jw6w6clkn11.jpg,1537526222.0,57,0.95,8,CasualUK,[deleted]
9ho27y,Someone‚Äôs had enough!,,https://i.redd.it/4huc0ioqdkn11.jpg,1537523671.0,6662,0.97,246,CasualUK,Punkergirl14
9hnb1z,"Weekly Pub Quiz #56: Give it a go, answers are in comments. Among our topics: Fairy tales, Petrochemistry, Robin Williams films, and more!",,https://imgur.com/a/ihFAWiz,1537516737.0,72,0.96,81,CasualUK,Kerigorrical
9hna13,Here we go lads &amp; lasses,,https://i.redd.it/kcuxgo57sjn11.jpg,1537516425.0,423,0.88,99,CasualUK,millsytime
9hn3pk,Am I the only one who doesn't understand the appeal of Gogglebox?,,https://www.reddit.com/r/CasualUK/comments/9hn3pk/am_i_the_only_one_who_doesnt_understand_the/,1537514661.0,152,0.9,97,CasualUK,derawin07
9hmuvr,British Cactus and Succulent Society,"Hi guys,

I recently took over the Twitter account for the British Cactus and Succulent Society (BCSS). We're a registered charity in England and Wales (though we do cover the entirety of the UK - I'm Glaswegian!) and I've been tasked with promoting the society internationally. We post daily photos of succulents and cacti, we have discussions, and we're always available to help out with any plant woes (or just show us your nice plants so we can fawn over them!). We have plans for open hours, giveaways, and other fun things in the near future.

If you think this sounds good, please consider following us @cactussucculent (www.twitter.com/cactussucculent). There's no requirement to join the society (although you're certainly welcome - you get free seeds, access to a cheap yearly seed repository, a quarterly journal, care guides, etc for ¬£15 a year) and you don't have to be in Britain at all. Our society has been running in some form for over 50 years, and now we're taking it international!

Thank you!

PS: it's been suggested by mods that I do an AMA, do people want this?!

Edit: Our website can be found at http://bcss.org.uk",https://www.reddit.com/r/CasualUK/comments/9hmuvr/british_cactus_and_succulent_society/,1537511813.0,171,0.98,190,CasualUK,scisteve
9hmo10,"Its Friday, do you remember the 21st night of September?","Dancing the night awaaaaayyyy!

What's the plan for tonight/tomorrow ya bunch of reprobates?",https://www.reddit.com/r/CasualUK/comments/9hmo10/its_friday_do_you_remember_the_21st_night_of/,1537509549.0,74,0.94,174,CasualUK,jptoc
9hmlfy,My glasses just steamed up when I stepped on the bus. Winter is coming.,,https://www.reddit.com/r/CasualUK/comments/9hmlfy/my_glasses_just_steamed_up_when_i_stepped_on_the/,1537508695.0,124,0.99,27,CasualUK,[deleted]
9hjqc4,Just leave us to it mate,,https://i.redd.it/qg82ttf51hn11.jpg,1537483118.0,228,0.94,24,CasualUK,marscoric
9hjops,Best Crisps In The World.,,https://i.redd.it/iskdala40hn11.jpg,1537482773.0,61,0.86,54,CasualUK,RazPrince
9hjik4,Good one,,https://i.imgur.com/XEf0OTM.jpg,1537481417.0,104,0.96,1,CasualUK,EJHllz
9hjfbz,Storm arrives in Plymouth,,https://i.redd.it/sswe9k61ugn11.png,1537480739.0,104,0.98,12,CasualUK,bobdan987
9hisyo,"Just popped into Asda to get some Fray Bentos pies, found a McDonald's inside it. Not sure what to have for tea now...",[deleted],https://i.imgur.com/mifEFNH.jpg,1537476130.0,89,0.96,105,CasualUK,[deleted]
9hhuu8,"Ah, a good old fashioned storm drain flood, I can‚Äôt wait for what‚Äôs to come.",[deleted],https://i.redd.it/cj9l99fawfn11.jpg,1537469399.0,67,0.98,4,CasualUK,[deleted]
9hhn5r,Wife's had her hair coloured - now I can finally act out my Crystal Maze fantasy in the shower,,https://imgur.com/nEw3htI,1537467862.0,340,0.99,32,CasualUK,benbread
9hh5vr,Apparently the Atlantic Ocean is growing a surprisingly realistic tongue to lick us with this weekend.,,https://i.redd.it/o3qm4cewgfn11.png,1537464258.0,137,0.99,7,CasualUK,mazca
9hgvt2,"Found this on facebook, I don't know if it's been posted, but I thought it was a classic",,https://i.redd.it/0x979s7vafn11.jpg,1537462200.0,602,0.98,79,CasualUK,Coinocus
9hgr06,TIL The Evening Standard uses emojis to supplement the weather forecast.,,https://i.redd.it/b2s7qrvw7fn11.jpg,1537461179.0,105,0.95,14,CasualUK,Strange_Dog
9hglfq,"finally met the local station cat (Felix) today! (Huddersfield, WY)",,https://i.redd.it/rlil07fi4fn11.jpg,1537460037.0,204,0.97,26,CasualUK,kell-shell
9hfp3h,Followed the Pussy wagon to work this morning.,,https://i.redd.it/jbwgjqmdidn11.jpg,1537453237.0,68,0.95,19,CasualUK,marscoric
9hfng1,Oh crap. I think I spilled his pint.,,https://imgur.com/HeKlq2P.jpg,1537452869.0,104,0.99,18,CasualUK,BottleGoblin
9hfgfu,"I repented for the sins of a past life today by going to Luton. This is a children‚Äôs play- area I saw. (Apologies for the poor photo, I was standing next to a woman who smelt of urine and rotting corpse)",[deleted],https://i.redd.it/fi68v6gpeen11.jpg,1537451353.0,85,0.96,24,CasualUK,[deleted]
9hem99,'Croydon cat killer' mystery solved - Killer doesn't exist,,https://www.bbc.co.uk/news/uk-england-london-45588088,1537444207.0,64,0.95,81,CasualUK,ReadeGossage
9hel2l,British Trains in a nutshell,,https://i.redd.it/xu4sihpfsdn11.jpg,1537443863.0,351,0.98,19,CasualUK,IVIod
9hebll,True story,[deleted],https://i.redd.it/bvxmfrsmkdn11.jpg,1537441254.0,79,0.97,6,CasualUK,[deleted]
9he12o,Day. Ruined.,,https://imgur.com/UKL44m0.jpg,1537438030.0,138,0.94,57,CasualUK,flaneur_et_branleur
9hdzb0,PLEASE HELP! I don't know if this is allowed but my 18 year old cousin has been missing in Worcester since 3am Tuesday night (article has it wrong) . If any of you are in/around Worcester can you please keep and eye out and call 101 if you know anything. Cheers.,,https://i.redd.it/mnyv1zbj9dn11.jpg,1537437509.0,27013,0.9,240,CasualUK,JDC96
9hdvll,Peep Show at 15: how the cult British comedy broke the mould,[deleted],https://www.yorkshirepost.co.uk/read-this/peep-show-15-how-it-broke-the-mould/,1537436251.0,93,0.98,49,CasualUK,[deleted]
9hdrwf,What are thooooose ? Seeing more of them eveywhere on the ground !,,https://i.redd.it/mkcg9o762dn11.jpg,1537435036.0,65,0.87,82,CasualUK,Are-u-shpongld
9hdi2r,We're just no good at finishing the job anymore,,https://imgur.com/PTE8hwV,1537431614.0,197,0.98,6,CasualUK,Alimeelo
9hd8lx,Anyone fancy going down The Bell? You might win an award...,,https://i.redd.it/7hgzwfo7icn11.jpg,1537428317.0,170,0.97,1,CasualUK,ukuleleemusic
9hd2aj,Can we have a complaint thread?,I just smashed my favourite mug on the tearoom floor. It wasn't fancy (just an old company one) but it was perfect for a cup of coffee :(,https://www.reddit.com/r/CasualUK/comments/9hd2aj/can_we_have_a_complaint_thread/,1537426373.0,93,0.9,448,CasualUK,a-liquid-sky
9hd00k,"Not sure this belongs here but- sex advice column from 1927. Only the replies given, not the questions. Main advice: stop doing that.",,https://i.imgur.com/YYO671T.jpg,1537425615.0,92,0.97,35,CasualUK,SwissJAmes
9hcz8j,Mint. And mint only.,,https://i.redd.it/lsvxigbe9cn11.jpg,1537425362.0,375,0.95,51,CasualUK,jhughes1986
9hcyzi,The Vietnamese sure like the taste of fanny.,,https://i.redd.it/9lfl30079cn11.jpg,1537425283.0,328,0.98,24,CasualUK,bebeboouk
9h9nn2,Anyone remember these hoax mugs from the 2011 Royal Wedding?,,https://i.redd.it/6bobdluks9n11.jpg,1537395484.0,55,0.94,3,CasualUK,SonimodR
9h98ab,Was up in Aberystwyth the other day. Took this shot. What‚Äôd you think? (Yes I had to google how to spell Aberystwyth).,,https://i.imgur.com/voq09UI.jpg,1537392292.0,229,0.97,66,CasualUK,DylanP93
9h8qug,"After two months of my local's Landlady not figuring that I was the culprit who put this on the back of the door in the men's bog, I had to 'fess up. She says it's staying.",[deleted],https://imgur.com/a/usK1zRG,1537388869.0,324,0.92,46,CasualUK,[deleted]
9h83jj,When someone starts telling you about their medical problems at the bus stop,,https://i.redd.it/zu48cktqv8n11.jpg,1537384442.0,53,0.98,3,CasualUK,SolarPoweredUnicorn
9h7ol0,So someone decided to take pot shots at the traffic with an air rifle....,,https://i.redd.it/slsa1li6n8n11.jpg,1537381591.0,110,0.96,43,CasualUK,EwanWhoseArmy
9h7k8j,Blink twice if you need help,[deleted],https://v.redd.it/jmslmiu2k8n11,1537380767.0,136,0.96,20,CasualUK,[deleted]
9h7fey,This had better be the one where she buys a shitload of fentanyl from a guy called ‚Äòpu55y51ayer69‚Äô.,,https://i.imgur.com/dzKfHBl.jpg,1537379822.0,509,0.98,50,CasualUK,loudribs
9h72vt,Thomas the Tank Engine sure isn‚Äôt like I remember it,,https://i.imgur.com/UHuCGYq.jpg,1537377409.0,327,0.98,15,CasualUK,Cueball61
9h6wwz,Its peak conkers season,,https://i.redd.it/pvtfteuj78n11.jpg,1537376308.0,55,0.98,29,CasualUK,490n3
9h6o5t,This feels like more of a threat than anything else,,https://i.redd.it/odrbd3fh28n11.png,1537374622.0,7258,0.98,245,CasualUK,sodslaw24
9h6nw3,Nick's clearly had enough of Rachel's bullshit,,https://i.redd.it/pfou84od28n11.jpg,1537374568.0,118,0.99,17,CasualUK,ChinesSir
9h5dht,What benefits are there to being a Freemason? Do you get any shop discounts?,"A housemate told me yesterday that his dad is a Freemason and he might join (and reckons he can get others in). I had a look at their website (as I thought they were a hidden cult but the website is easily findable on Google) and they seem quite open to new members (I have requested an invite at my local lodge, which is only a 15 minute walk away). 

But what I don't understand is, other than the fun costume, what benefits there are to being a Freemason. Does it do deals with shops/restaurants for discounts or vouchers? Is it something that can go on the CV in the 'hobbies and interests' section?

Does anyone know any Freemasons (or is one themselves!)? What benefits do they/you get from it? Would you recommend it?",https://www.reddit.com/r/CasualUK/comments/9h5dht/what_benefits_are_there_to_being_a_freemason_do/,1537365503.0,60,0.96,70,CasualUK,TopTrumpWANKER
9h5a9x,RIP HPB.,,https://vgy.me/d3fbf8.jpg,1537364808.0,63,0.94,10,CasualUK,HPB
9h55i4,We all have accounts!,,https://i.redd.it/qxi6tvfq57n11.jpg,1537363747.0,299,0.97,21,CasualUK,punter1414
9h53ue,Current weather update in the north east,[deleted],https://i.redd.it/0id8ara457n11.jpg,1537363378.0,621,0.98,50,CasualUK,[deleted]
9h53cg,Bountiful sloe harvest this year. Got enough to make 7 litres of sloe gin.,,https://i.redd.it/43h45jar47n11.jpg,1537363265.0,107,1.0,38,CasualUK,[deleted]
9h4ram,Should be achievable...,,https://i.redd.it/4egbdvylw6n11.png,1537360530.0,75,0.98,17,CasualUK,CaprisWisher
9h4pvy,We watched some weird stuff in the 90s,,https://i.redd.it/6vt24nhpv6n11.jpg,1537360214.0,136,0.96,32,CasualUK,EwanWhoseArmy
9h4hja,My girlfriend just sent me this and changed our lives forever.,,https://i.redd.it/gvgrcgxep6n11.jpg,1537358100.0,250,0.96,91,CasualUK,legard420
9h4eox,Damaged caused after 3 years of having a dart board.,,https://i.redd.it/rtf250t1n6n11.jpg,1537357304.0,339,0.99,27,CasualUK,Tan_Tandoori
9h41a6,I did laugh at ‚Äòlispy sugar grinch‚Äô,,https://imgur.com/gallery/nA6VxzB,1537353572.0,156,0.95,63,CasualUK,Adam657
9h3zna,Cleaner enjoys holiday paid for by Bristol university students,,https://www.bbc.co.uk/news/uk-england-bristol-45573247,1537353085.0,134,0.97,11,CasualUK,bbcnews
9h3ti6,"Probably could have worded that a little better, Betfair.",,https://i.redd.it/qh5dzumy46n11.jpg,1537351218.0,201,0.95,14,CasualUK,GBGeorginho
9h3s7u,Sign outside pub on the the isle of Wight,,https://i.redd.it/pgkjejtq36n11.jpg,1537350811.0,136,0.92,36,CasualUK,deadwing87
9h3qnv,To chewing gum man,,https://i.redd.it/5si832n726n11.jpg,1537350295.0,319,0.99,15,CasualUK,totemshaker
9h3g4x,"Stayed on the Isle of Skye recently, middle of nowhere and there‚Äôs still a pub 5 mins away. Stein Inn, the oldest pub on skye",,https://i.redd.it/uv2ve2ivr5n11.jpg,1537346818.0,102,0.98,24,CasualUK,[deleted]
9h3aj4,I was looking for a company at pinewood studios for work and stumbled on this.,,https://i.redd.it/4dgunhkvl5n11.png,1537344801.0,256,0.99,26,CasualUK,__xJ
9h31jr,Just another day in Leicester...,,https://v.redd.it/cf1tvhqwb5n11,1537341622.0,380,0.98,76,CasualUK,OmniscientGohan
9h30zr,A friend made a cake for her son last week,,https://i.redd.it/njs44tltb5n11.jpg,1537341418.0,17889,0.94,299,CasualUK,Yellow-SP
9h2p1q,Had the pleasure of watching the football last night with a Giraffe in the pub,,https://imgur.com/mmwuzM9,1537337659.0,68,0.91,14,CasualUK,RayPissed
9h0xpb,"Student? Low income? Here‚Äôs a few of my ‚Äòv low food budget‚Äô recipes in one place to bang through if you fancy it, including a couple of treats. I recommend the 51p pizza (‚Äòcos I‚Äôm fat).","Here's a quick list to save time searching:

&amp;nbsp;

* [Jammy cakey things](https://www.reddit.com/r/CasualUK/comments/f3xoag/five_years_of_the_great_british_bake_off/fhmbguc/)

* [Homemade crisps in the microwave / oven](https://www.reddit.com/r/CasualUK/comments/esko3b/found_a_recipe_for_cheap_homemade_crisps_done_in/ffaphd1/)

* [54p-82p Slow Cooker Chicken Curry (Korma/Tikka)](https://www.reddit.com/r/AskUK/comments/cpj4xf/has_anybody_got_any_nice_cheap_east_to_make_meals/ewsuvud/)

* [Lovely side dish - flatbread with thick pizza sauce](https://www.reddit.com/r/AskUK/comments/eot6jm/good_cheap_meals_that_will_last_a_week_with_25/fef4qia/)

* [82p Slow cooker corned beef hash](https://www.reddit.com/r/CasualUK/comments/dd9dt7/friday_night_thread/f2hwnsw/)

* [39p Slow cooker sausage stew/casserole thingy](https://www.reddit.com/r/CasualUK/comments/blut21/whats_for_dinner_for_dinner_today_nothing_for_you/ems192t/?utm_source=share&amp;amp;amp;utm_medium=ios_app)

* [51p Homemade pizza](https://www.reddit.com/r/britishproblems/comments/8jbltt/comment/dyygh6z?st=JM7OOZ3J&amp;amp;amp;sh=8e415250)

* [40p Mince, taters and veg](https://www.reddit.com/r/britishproblems/comments/9gu62e/when_relatives_think_that_university_students_eat/e67xi7d/)

* [Tear &amp; share (hah!) garlic bread](https://www.reddit.com/r/britishproblems/comments/9gu62e/when_relatives_think_that_university_students_eat/e67xph2/)

* [60p Nice chicken and jacket potatoes](https://www.reddit.com/r/britishproblems/comments/9gu62e/when_relatives_think_that_university_students_eat/e67yelk/)

* [43p Shepherds pie](https://www.reddit.com/r/britishproblems/comments/9gu62e/when_relatives_think_that_university_students_eat/e67zi17/)

* [BBQ Popcorn Chicken](https://www.reddit.com/r/britishproblems/comments/9gu62e/when_relatives_think_that_university_students_eat/e67zyz9/)

* [Oat &amp; Raisin Cookies](https://www.reddit.com/r/CasualUK/comments/9g0l60/attempted_homemade_oat_and_raisin_cookies_fair/e615617/)

* [Chocolate Crunch Fridge Treats](https://www.reddit.com/r/CasualUK/comments/9ih3kd/the_original_for_me_chocolate_crunch_recipe/e6kafz9/)

&amp;nbsp;

Long story (for context) short; I‚Äôm self employed and on a very very low income (around ¬£40/wk) which translates to ¬£3.50/wk food budget. 

While a lot of my meals revolve around the standard rice/pasta:beans on toast, my previous partner taught me to cook several things well and in batch so they work out cheaper in the long run.

Many of these recipes are low-cost purely because the ingredients are cheap at Aldi. With wonky potatoes at ¬£1.49 for 4 kg and similar, it all goes a lot further. Some of this stuff requires purchasing in pieces - it took me months to build a little spice rack up, buying one pot one month, maybe one the next when I had some spare in the budget. I‚Äôve tried to keep it minimal in this list.

There are also some treats in this list. Cheesy garlic bread and oat and raisin cookies aren‚Äôt exactly essential to daily life, but bloody hell do they make things just that little bit nicer.

I hope some others are able to make use of these recipes, over time I‚Äôve adapted them slightly for the benefit of a cheaper budget or to last\stretch longer. 

&amp;nbsp;

Finally, just a little note. People here are -and have been- extraordinarily kind both to me and to others. Sometimes when I‚Äôve spoken about things like this, very kind members of this community will offer to help; to send some food over or order up a pizza or similar.

I can‚Äôt begin to say how wonderful it is that people in this community would help out someone they don‚Äôt even know who might be struggling, but I always turn down such kind offers because there are so many people out there far more in need than I am. Homeless shelters are very close to my heart and are far, far more deserving of support than I. 

Or, if you happen to see a local food shelter collecting at your supermarket, maybe plop a tin or two of something in your trolley to make a real difference. As a single bloke, I‚Äôve never felt comfortable taking food from a food bank; I feel I‚Äôm taking it from families and children who might need it more, so I don‚Äôt go if I‚Äôve ever referred. But for some people, it really is a lifeline. Love to all.

&amp;nbsp;

Anyway, hope someone at least makes a nice pizza. Would love to see any other recipes we‚Äôve got kicking about!",https://www.reddit.com/r/CasualUK/comments/9h0xpb/student_low_income_heres_a_few_of_my_v_low_food/,1537321286.0,429,0.99,120,CasualUK,-SaC
9h0vb5,6 years ago? I feel old,,https://i.redd.it/3zua3pobm3n11.jpg,1537320738.0,255,0.95,35,CasualUK,TyRobbo99
9h08af,I‚Äôm stuck in an empty Heathrow terminal 5 until 7am what the fuck should I do guys?,,https://i.redd.it/gyr8rlh373n11.jpg,1537315634.0,184,0.98,71,CasualUK,theeggroaster
9gzeg1,M&amp;S is going downhill,,https://i.redd.it/ilrmw9txn2n11.jpg,1537309177.0,142,0.97,32,CasualUK,musicsquidge
9gzdfy,Met my childhood hero today,,https://i.imgur.com/FsCjUMH.jpg,1537308976.0,61,0.98,22,CasualUK,cubbish
9gz399,When you zoom in on Buckingham palace the drop pin on google turns into a little queen. (Sorry if this is old news),,https://i.redd.it/49jl767xg2n11.png,1537306908.0,545,0.98,25,CasualUK,Doublebow
9gyws0,Business acumen,,https://i.redd.it/1evc0wodd2n11.jpg,1537305623.0,117,0.99,40,CasualUK,WoodySoprano
9gyndo,Big boy Barry watch out for Janine,,https://i.redd.it/c7sr66m182n11.jpg,1537303828.0,778,0.99,25,CasualUK,epicninja5432
9gyav8,oooops!,,https://i.redd.it/7s6swhju02n11.jpg,1537301408.0,3772,0.99,231,CasualUK,punter1414
9gxem6,I made a primary school classic. Cornflake and syrup tart with jam!,,https://i.redd.it/3qgnnrlji1n11.jpg,1537295256.0,117,0.92,31,CasualUK,[deleted]
9gxaca,The Leeds 5 course taster menu,,https://i.redd.it/vm82lf14g1n11.jpg,1537294437.0,178,0.97,94,CasualUK,[deleted]
9gx42j,Who lives in a pineapple under the sea?!,,https://i.redd.it/ms8h01olc1n11.jpg,1537293254.0,1150,0.97,19,CasualUK,DeadYen
9gx04n,'Give peas a chance' M25 bridge graffiti removed,,https://www.bbc.co.uk/news/uk-england-beds-bucks-herts-45564552,1537292493.0,141,0.97,31,CasualUK,vassie
9gwryk,I had a lovely time in Blackpool today with all of my friends.,,https://i.redd.it/kohtknpn51n11.jpg,1537290956.0,802,0.99,84,CasualUK,idlewildgirl
9gwr9q,"It‚Äôs a cat with a high vis ,not a bloody parrot",,https://i.redd.it/y25he0rb51n11.jpg,1537290823.0,113,0.97,14,CasualUK,LexMoranandran
9gwits,Nice effort lads.,,https://i.redd.it/x38w4omr01n11.jpg,1537289280.0,98,0.98,15,CasualUK,ukuleleemusic
9gw8i7,Googling sandwich ideas for my shop and this vintage beaut turned up. Anyone for sosage?,,https://i.redd.it/ezncl2h1v0n11.jpg,1537287355.0,102,0.94,53,CasualUK,FecklessFridays
9gv1tf,Anyone else share a bath with this lad as a kid?,,https://i.imgur.com/geRTj8y.jpg,1537279068.0,469,0.98,46,CasualUK,TopTrumpWANKER
9guoqu,"Tesco, Every burn helps",,https://i.imgur.com/fxSr2kP.jpg,1537276194.0,108,0.89,27,CasualUK,logangrey123
9gu93i,Lesson #1: never let your post it notes be designed by the printer and never let them get printed prior to checking how they cropped your logo.,,https://i.redd.it/v3p2o8ndnzm11.jpg,1537272667.0,98,0.96,10,CasualUK,Y-Bob
9gtrd4,I wonder if it will rain golden camels...,,https://i.redd.it/kn7kpqub9zm11.jpg,1537267939.0,81,0.94,7,CasualUK,cybot2001
9gtpq7,Absolute genius The sparky contractors that service our office all have the company name and their drink order printed on the back of their T-shirt.,"Our kettle is currently being PAT tested by a Mr. 'Tea, milk no sugar'.",https://www.reddit.com/r/CasualUK/comments/9gtpq7/absolute_genius_the_sparky_contractors_that/,1537267505.0,135,0.96,24,CasualUK,6LegsGoExplore
9gtlfp,The choice of font on this menu made me do a double take,[deleted],https://imgur.com/5VTxEgt.jpg,1537266249.0,196,0.97,42,CasualUK,[deleted]
9gtkhb,"My year 13 tutor just referred to texting under the desk as ""having a crafty one under the table""",[deleted],https://www.reddit.com/r/CasualUK/comments/9gtkhb/my_year_13_tutor_just_referred_to_texting_under/,1537265945.0,640,0.97,48,CasualUK,[deleted]
9gthi1,I'm considering buying a Lifetime family membership of the National Trust,"I think I will then have reached peak Middle Class.

&amp;#x200B;

It's not cheap (¬£2,225!) for us, all our children and all future grandchildren - but I reckon since I'm under 40 (just) it'll pay for itself in my lifetime. I've got YEARS of dragging my family through NT properties to go.

&amp;#x200B;

Plus, you get a gold pin badge.",https://www.reddit.com/r/CasualUK/comments/9gthi1/im_considering_buying_a_lifetime_family/,1537265062.0,110,0.92,68,CasualUK,mrsfran
9gtgrg,L‚ÄôOr√©al cybermen,[deleted],https://i.redd.it/dko5ym350zm11.jpg,1537264850.0,931,0.98,28,CasualUK,[deleted]
9gtgbz,Saw this car in Coventry. No harm in sharing.,,https://i.redd.it/nmjhpcbnzym11.jpg,1537264719.0,10477,0.96,404,CasualUK,fluffsta007
9gsy1m,There's a spelling mistake on the top of this box of tea bags.,,https://i.imgur.com/lv4cioV.jpg,1537258722.0,241,0.98,74,CasualUK,[deleted]
9gsu2w,Living in London be like,[deleted],https://i.redd.it/4wnp64oydym11.jpg,1537257391.0,1122,0.98,88,CasualUK,[deleted]
9gslvf,When at an Indian...,,https://i.redd.it/t6mdgl7s5ym11.jpg,1537254641.0,347,0.98,86,CasualUK,psgenius
9gsd6i,"It's a bit nip outside, we'd better crank up the thermostat on the trains to tropical.",,https://www.reddit.com/r/CasualUK/comments/9gsd6i/its_a_bit_nip_outside_wed_better_crank_up_the/,1537251923.0,95,0.97,37,CasualUK,jimboxiii
9gs4x5,Unexpected lesson of the day.,,https://i.redd.it/bvje8i2oqxm11.jpg,1537249584.0,164,0.98,49,CasualUK,bonster85
9gq1e8,The local grow house is having a clear-out,,https://i.redd.it/lgh5jfcq8wm11.jpg,1537231420.0,70,0.95,7,CasualUK,carl0071
9gpdx1,Savage typo,,https://i.redd.it/vgo3yvjitvm11.jpg,1537226301.0,107,0.96,9,CasualUK,Fiction28
9gp5am,Council installed a new bench,[deleted],https://i.imgur.com/MEAHffT.jpg,1537224512.0,63,0.97,14,CasualUK,[deleted]
9gojyw,The sky tonight looks like its been painted by Bob Ross,,https://i.redd.it/gyljl1q1bvm11.jpg,1537220094.0,66,0.82,23,CasualUK,Waters280
9go60h,Saw an actual surviving Ford Sierra the other night.,,https://i.imgur.com/y0bQfVL.jpg,1537217348.0,88,0.95,29,CasualUK,Wommie
9go56y,Quite a boast,,https://i.redd.it/i5q2zndf2vm11.jpg,1537217196.0,50,0.92,7,CasualUK,[deleted]
9gnxgn,Spotted this outside someone‚Äôs hillside home in Conwy. There‚Äôs a log flume back there too.,,https://i.redd.it/vwn4swp0yum11.jpg,1537215711.0,73,0.97,9,CasualUK,batgaz
9gnvvg,People in Hong Kong taped their windows like the Union Flags,,https://i.redd.it/d47yn2y5xum11.jpg,1537215422.0,154,0.97,28,CasualUK,baumeolle
9gnojt,What do you think of my spotify commute play-list?,,https://i.redd.it/nar6thiusum11.jpg,1537214037.0,16365,0.93,253,CasualUK,murkyjoe
9gnggn,Pokestop in Cardiff: The Imprisoned Carrot,,https://i.redd.it/tb0r4y98oum11.jpg,1537212501.0,96,0.98,14,CasualUK,[deleted]
9gnadp,"My very awesome wife came home from work tonight looking very excited, she pulls out a post-it note and reads off it: ""what do you call a man with a shovel on his head?""",[deleted],https://www.reddit.com/r/CasualUK/comments/9gnadp/my_very_awesome_wife_came_home_from_work_tonight/,1537211368.0,55,0.94,51,CasualUK,[deleted]
9gn1wx,It was the talk of my local this weekend,,https://i.redd.it/qipk461jgum11.jpg,1537209828.0,128,0.97,18,CasualUK,wordsfromlee
9gmg2d,Joined my uncle at a meet-up today - his 1920‚Äôs Alvis is in the middle!,,https://i.redd.it/3wonr17l4um11.jpg,1537205913.0,62,0.97,13,CasualUK,jaffacakewhore
9gmeyb,There's nothing more casual than this on a Monday evening ~(Àò‚ñæÀò~),,https://i.redd.it/8ramngy74um11.jpg,1537205698.0,641,0.98,54,CasualUK,Ugly_Karma
9gm3l4,*interesting fact about Penrith! *may not be true,,https://i.redd.it/xfaqxgprxtm11.jpg,1537203525.0,84,0.96,17,CasualUK,carthorse1977
9gm14g,Finding a backwards Jammie Dodgers,,https://i.redd.it/qej65146wtm11.jpg,1537203058.0,53,0.95,6,CasualUK,TheBlueCactuar
9glu7r,Paint by [motorway] numbers,,https://i.imgur.com/DcyVRYz.jpg,1537201800.0,89,0.94,27,CasualUK,ed_menac
9gllqa,We broke it Reddit :(,,https://www.bbc.co.uk/news/uk-england-cornwall-45549635,1537200313.0,179,0.97,33,CasualUK,GrumpyYoungGit
9glivf,I don‚Äôt think anyone at Legoland thought this sign through,,https://i.redd.it/j5412e7rmtm11.jpg,1537199815.0,342,0.97,15,CasualUK,sugarringdoughnut
9gkutd,Absolutely Fearless.,,https://i.redd.it/i32om66i8tm11.jpg,1537195040.0,113,0.98,16,CasualUK,joetry
9gkmyz,Talk about cutting costs... meet AMBULIRE,[deleted],https://i.redd.it/jrj5c4qj3tm11.jpg,1537193445.0,650,0.99,80,CasualUK,[deleted]
9gkb6b,"My hunt for the best coleslaw in the South West. Nando‚Äôs coleslaw review. Looks: colourful, good green/orange ratio. Texture: high crunch factor. Taste: creamy but severe lack of tanginess. Overall 5/10. Marked down due to lack of tang.",[deleted],https://i.redd.it/e84udg94wsm11.jpg,1537190916.0,105,0.95,87,CasualUK,[deleted]
9gjr6v,"Teachers reveal the worst packed lunches so far this term (""Over in West Yorkshire, a primary school pupil went in with a pork pie and a can of shandy."")",,https://www.manchestereveningnews.co.uk/news/greater-manchester-news/teachers-worst-packed-lunches-revealed-15158848,1537186201.0,123,0.97,101,CasualUK,obi_wan_jabroni_23
9gjnlx,Living the good life at Corfe - the National Trust is a national treasure!,,http://imgur.com/Vk9VQT1,1537185366.0,141,0.97,34,CasualUK,flexorhallucis
9gjauf,Mum got all my 80s Fisher Price toys out!,,https://i.redd.it/gitvvsn25sm11.jpg,1537181763.0,89,0.93,20,CasualUK,mrsfran
9gj8tf,At least the new coffee machine is providing some decent kitchen smalltalk...,,https://i.redd.it/4k4esx953sm11.jpg,1537181139.0,79,0.94,8,CasualUK,chainsaws-for-hands
9gix8e,Maybe it wasn't a good idea after all...,,https://v.redd.it/oxzrwr8csrm11,1537177648.0,98,0.98,31,CasualUK,SN74HC04
9gix5u,Got locked in a funeral home in Cardiff last night.,"This happened at 00:30am last night and I'm only now just getting back to my actual home after a night of what I imagine a low budget horror film starts off like. 

So, I was driving to a postcode my friend gave me to pick them up in the middle of Cardiff and Google maps had trouble pinpointing the exact place, so I was driving up and down the road, which had a lot of traffic lights, roundabouts etc until I had the clever idea of skipping going through the lights for the fifth time and doing a u-turn in an open gated funeral home. Silly me.

By the time I drove into the grounds, around the building and attempted to join the main road again, I returned only to realise the gates had been padlocked shut. It took roughly 25-30 seconds for me to drive around the building so that is some swift locking going on by the person (who I later found out in the morning when the director knocked on my car window to find me in the foetal position in the back seats sleeping) who had finished storing the deceased, finishing their shift, locked up and went home.

As the funeral home (think big manor house with two guest houses) was enormous, I thought maybe somebody was in residence so I proceeded to knock and ring the doorbell for about 3 hours before giving up. My phone was low on battery (and I used the last of it to film my experience) and the walls were about 3 metres all the way round the perimeter so I couldn't scale them, and, what would be the point? 

I accepted my fate, had a before bed cigarette, wrapped my coat around me and slept in the back of my rather small two door car.

TL:DR: TIFU by trying to do a u-turn in private grounds (funeral home) at roughly midnight, ended up getting locked in, had to wait 8 hours to be let out by a bemused funeral director.",https://www.reddit.com/r/CasualUK/comments/9gix5u/got_locked_in_a_funeral_home_in_cardiff_last_night/,1537177590.0,286,0.98,58,CasualUK,lukebilhamcarter
9gic6i,Oh Dave,,https://imgur.com/455Mjcd,1537170464.0,198,0.98,30,CasualUK,psgenius
9gi8jp,I discovered a new category of greeting card in Card Factory,,https://imgur.com/gvrfDhS,1537169158.0,87,0.97,9,CasualUK,marxjohnson
9gi61p,Not all heroes wear capes,,https://i.redd.it/0347uw151rm11.jpg,1537168331.0,132,0.91,16,CasualUK,[deleted]
9gi4k1,"If Shredded Wheat and Weetabix are both 100% wheat, then why do they taste different?",,https://www.reddit.com/r/CasualUK/comments/9gi4k1/if_shredded_wheat_and_weetabix_are_both_100_wheat/,1537167852.0,128,0.97,76,CasualUK,Kwetla
9gi290,Stay classy B&amp;M,[deleted],https://i.redd.it/ua7hwhj9xqm11.jpg,1537167089.0,61,0.85,6,CasualUK,[deleted]
9gi1kj,The metro rush hour crush is where you'll find your stalkers,[deleted],https://i.redd.it/7r0cqotowqm11.jpg,1537166862.0,112,0.97,21,CasualUK,[deleted]
9ghsgg,"Double double rainbow! Two rainbows, each with a fainter back to front twin underneath!",,https://i.redd.it/pe5ufqp6oqm11.jpg,1537164026.0,55,0.92,4,CasualUK,vbloke
9ggw00,The absolute cheek...,,https://i.redd.it/mjdh2pvi5om11.jpg,1537154694.0,497,0.93,87,CasualUK,[deleted]
9gevxz,Can anyone living near University Park in Nottingham keep an eye on a swan for me?,"I'm moving away from Nottingham on Tuesday, and the lake on campus was somewhere I regularly went for walks. Over the last few months I've been watching the family of swans on the lake and grown fairly attached to them (named the adults Harold and Dierdre). Yesterday I noticed that the female (who already has a bad limp) had a huge gash on her chest. I called the RSPCA but they said they might not get around to her. If anyone in the area notices that she's missing can you let me know, and if she comes back I'll definitely want to know. Thanks guys.",https://www.reddit.com/r/CasualUK/comments/9gevxz/can_anyone_living_near_university_park_in/,1537137450.0,54,0.95,14,CasualUK,Fellowship_9
9ge0rr,My SO and I on top of the world tonight,[deleted],https://i.redd.it/gmq89c3lxnm11.jpg,1537130815.0,65,0.88,8,CasualUK,[deleted]
9gduht,Anyone one else hate Sunday nights?,Here I am at the end of the weekend and I just wish I didn‚Äôt have to go in tommorow.,https://www.reddit.com/r/CasualUK/comments/9gduht/anyone_one_else_hate_sunday_nights/,1537129532.0,77,0.95,67,CasualUK,[deleted]
9gcone,On the train in North Yorkshire,[deleted],https://imgur.com/aqFuw4G,1537121196.0,52,0.97,1,CasualUK,[deleted]
9gcepe,Say what you want about the UK...,but we‚Äôve got it fucking class when it comes to natural disasters,https://www.reddit.com/r/CasualUK/comments/9gcepe/say_what_you_want_about_the_uk/,1537119177.0,473,0.98,147,CasualUK,domkni
9gblxd,Knot a good look,,https://i.redd.it/8frf2rothmm11.jpg,1537113408.0,158,0.92,24,CasualUK,Crell0
9gb50i,Sainsbury‚Äôs keeping school dress codes fresh,,https://i.redd.it/ggd6u0vk6mm11.jpg,1537109704.0,112,0.98,2,CasualUK,mardypig
9gb0sr,"First visit to Toys Hill, Kent",,https://i.imgur.com/KvfUYUr.jpg,1537108733.0,115,0.98,11,CasualUK,chelseasaints
9gaxl6,"Gourmet UK food at its finest, just ¬£12!",[deleted],https://i.imgur.com/JKaFiLP.jpg,1537107990.0,274,0.63,107,CasualUK,[deleted]
9gawst,"Didn‚Äôt have any fruit with me when visiting Pitsford reservoir today, so parked on the road for free instead.",,https://i.redd.it/5s05ztxx0mm11.jpg,1537107798.0,90,0.98,4,CasualUK,stegzy
9gaq7e,Wonderground - by MacDonald ‚ÄúMax‚Äù Gill. A map from 1914 that helped save the London Underground. Packed with little jokes and mischievous details. (interactive map in comments),,https://i.redd.it/6wxfeht79aj11.jpg,1537106399.0,52,0.92,8,CasualUK,whatatwit
9gall6,Sharing for a friend,,https://i.redd.it/3k69iep5tlm11.jpg,1537105113.0,159,0.96,41,CasualUK,TheBurgerKftLettuce
9gakdx,Anyone else feel quite impressed with our energy production sources recently? Right now during midday on a weekend over 40% of our electricity is coming from solar and wind! If you want to add Nuclear to that then right now around 70% of our energy production is causing ZERO bad emissions!,"[Here's](https://i.imgur.com/Ekb78Yu.png) a screenshot of our energy production sources right now, with a pie chart and everything. Source is http://grid.iamkate.com/ which updates every 5 mins or so.

I just think it's impressive and wanted to spread the news that's all, especially since it keeps rising at a pretty decent rate. It's not like it's a 1 off either, the average for the week for solar, wind, nuclear, and a couple other things like hydro power is at around 50% too. Makes the future look a bit more positive.

Looking at the graphs on that website in just 5 years things like solar and wind have more than doubled their energy production, imagine another double increase for the next 5 years. It helps that the amount of energy we're using is dropping quite a lot too, who would have thought?

[Here's](https://i.imgur.com/ThwNSJ9.png) another image from Wikipedia showing our wind energy capacity and generation over the past 10 years. In short 10 years ago the capacity was 3GW which generated 5,300GWh, 5 years ago that was 11GW and 24,000GWh, and last year it was 19.8GW and 50,000GWh. That's like a 7x increase in capacity in 10 years. For some reason the prediction for the next 12 years is only 2x but that's most likely lowballing it since there's many big projects in the works, unless we might start spitting the focus with tidal power too.

Another cool wind farm stat is that we just opened a 650MW offshore wind farm a couple weeks ago and it's the largest in the world. But in a couple of years we're opening one almost TWICE as big. Then one even bigger in another 2 years. So it's not like the trend is only a temporary thing. I'm looking forward to seeing the stats in 5-10 years. 

But yeah I wasn't sure where to post this but it seems like the right place, it's definitely non politics UK based interesting content like the sidebar says. I hope you all find this interesting too!",https://www.reddit.com/r/CasualUK/comments/9gakdx/anyone_else_feel_quite_impressed_with_our_energy/,1537104783.0,138,0.97,36,CasualUK,Benandhispets
9gajrq,Sleeping after a long morning of bullying the cat next door and decorating the kitchen with regurgitated Whiskas... smug little bastard,,https://i.redd.it/6vwzppuprlm11.jpg,1537104631.0,100,0.95,8,CasualUK,mronion82
9ga1kh,Closed due to embarrassment.,,https://imgur.com/5wCMmkG,1537099415.0,1169,0.98,91,CasualUK,GavinCollins420
9g9ux1,The great scone pronunciation data map.,,https://i.redd.it/6m5ysith5lm11.jpg,1537097153.0,250,0.96,101,CasualUK,Jorarl
9g9qe0,"A high school near me is enforcing a strict ""no haircuts shorter than grade 3 for boys"" rule. Did anyone else have any similar rules?","Personally, I think it's awful. 
They've got an isolation room to punish rule breakers, boys who shave their hair too short will be in there until it grows back!
",https://www.reddit.com/r/CasualUK/comments/9g9qe0/a_high_school_near_me_is_enforcing_a_strict_no/,1537095482.0,53,0.88,96,CasualUK,[deleted]
9g9px5,Unfortunate marketing by Halifax,,https://i.redd.it/v731ultvzkm11.png,1537095301.0,286,0.98,22,CasualUK,Sorlex
9g9pmi,Hungover as fuck and not ashamed to say I demolished the lot,,https://i.redd.it/7i70kftmzkm11.jpg,1537095189.0,12581,0.88,668,CasualUK,WhatTheFork33
9g9lzd,Found one in the wild! In Austria of all places,[deleted],https://i.redd.it/65hcphncvkm11.jpg,1537093745.0,586,0.95,43,CasualUK,[deleted]
9g9b6l,Anyone remember this in Manchester?,,https://i.redd.it/dmkml0yxikm11.jpg,1537089588.0,167,0.97,27,CasualUK,apache0796
9g934q,"Free to a good home, approx 8000 spiders in and around my garden, garage, doors and windows. Collection only. No weirdos.",,https://www.reddit.com/r/CasualUK/comments/9g934q/free_to_a_good_home_approx_8000_spiders_in_and/,1537086371.0,603,0.98,75,CasualUK,albo_underhill
9g8ym5,Just got this bad boy out the garden,,https://i.imgur.com/FaptdlF.jpg,1537084701.0,144,0.97,21,CasualUK,suexo
9g8s5b,Some one needs to rethink the name of this child‚Äôs toy!,,https://i.redd.it/h7gsv4m0xjm11.jpg,1537082202.0,337,0.97,11,CasualUK,duke-of-bore
9g75cq,Disused underground reservoir in Nottinghamshire,,https://i.redd.it/2jw43ox7gim11.jpg,1537064442.0,177,0.99,28,CasualUK,bored_kitty
9g6bq1,"Walking Sam at Soar Mills Cove, Devon",,https://i.redd.it/4zsllaaithm11.jpg,1537056985.0,59,0.97,2,CasualUK,[deleted]
9g5aad,Browsing Wickes website and saw this rather insightful review of some gravel,,https://i.redd.it/hz2kiycq3hm11.png,1537048136.0,93,0.95,4,CasualUK,the_baby_catcher
9g4sg6,"The Smallest House in Great Britain (Conwy, Wales)",,https://i.redd.it/bsovwruorgm11.jpg,1537044087.0,281,0.98,46,CasualUK,Adcro
9g4j31,Kinder Scout Peak District this morning,,https://imgur.com/Mv8LAMO,1537042084.0,52,0.92,18,CasualUK,_Born_To_Be_Mild_
9g4dwv,I just did the most un-British thing possible and I need to tell someone...,[removed],https://www.reddit.com/r/CasualUK/comments/9g4dwv/i_just_did_the_most_unbritish_thing_possible_and/,1537040997.0,53,0.89,20,CasualUK,myspookytale
9g47au,I always luck out with the views on my holidays...,[deleted],https://i.redd.it/p3hwxxm4egm11.jpg,1537039548.0,271,0.99,16,CasualUK,[deleted]
9g45nb,"Where there‚Äôs a willy, there‚Äôs a way.",,https://v.redd.it/ri10p3lvcgm11,1537039201.0,53,0.94,2,CasualUK,b45t4rd_b1tch
9g3zjm,That‚Äôs next Valentine‚Äôs Day all booked up.,,https://i.redd.it/7as5imc69gm11.jpg,1537037860.0,67,0.96,5,CasualUK,griffit
9g3y86,The small breakfast at the care facility where my mum lives. (I created the gaps when I cut up her bacon and sausage.) ¬£3.60. Bonus view of my mum‚Äôs lovely hands.,,https://i.redd.it/xsrnpy6b8gm11.jpg,1537037568.0,203,0.95,25,CasualUK,moondust1959
9g3ndq,"Found this in Garforth leisure centre, seems they might have a problem there!! Can't say I've ever been tempted",,https://i.redd.it/y58ka5gm1gm11.jpg,1537035317.0,67,0.96,16,CasualUK,Nicktinker
9g3n3s,Just received this masterpiece,,https://i.redd.it/2prxqmlf1gm11.jpg,1537035260.0,393,0.99,25,CasualUK,Tabred1
9g3l6u,Love to Piss about in Cheltenham!,,https://i.redd.it/c6nl5oyb0gm11.jpg,1537034888.0,63,0.89,36,CasualUK,KozMoz0000
9g3k7n,Looks like Southern Rail has improved their service,,https://i.redd.it/n0gnfxeqzfm11.jpg,1537034683.0,355,0.99,16,CasualUK,Flayre1
9g3asx,"1 adult (16-25 railcard), 1 child Central Scotland Rovers hidden behind the Stena Line leaflets (right of image) in Glasgow Central, valid for today and tomorrow",,https://i.redd.it/yc90pi6vtfm11.jpg,1537032711.0,182,0.96,7,CasualUK,eseftee
9g3559,The Yellow Pages life cycle,,https://v.redd.it/f97u5xy6qfm11,1537031514.0,304,0.96,26,CasualUK,Knowsstuff
9g2tzq,"Some of you may have noticed part of Ewell Road cordoned off yesterday. To avoid further inconvenience, if you happen to find an Anti-Tank missile, please don't use it as a door-stop.",,https://i.redd.it/36ojwabejfm11.jpg,1537029201.0,575,0.98,80,CasualUK,AdministrativeTrain
9g2sib,It's taken me 25 years to realise this isn't square...,[deleted],https://i.redd.it/rlcbosbjifm11.jpg,1537028900.0,71,0.86,13,CasualUK,[deleted]
9g2gkl,Last days of summer,,https://i.redd.it/2v8n9v4fbfm11.jpg,1537026507.0,149,0.98,9,CasualUK,flying4fish
9g28qe,"Shoutout to the staff at Bristol Airport, literally writing on the walls because technology has let them down",,https://i.redd.it/wyhzxbx66fm11.jpg,1537024752.0,232,1.0,20,CasualUK,astrojg
9g277w,Advice to live by,,https://i.redd.it/0737x6y55fm11.jpg,1537024403.0,148,0.96,3,CasualUK,danjuanspan
9g26vh,On our way to Beesands. Hope they have a great day :D,,https://i.redd.it/31gao0jy4fm11.jpg,1537024334.0,80,0.98,5,CasualUK,frenzal106
9g1pm3,Enemy AC-130 Above!,,https://i.redd.it/e2pgw3petem11.jpg,1537020448.0,119,0.96,42,CasualUK,Jali-Dan
9g1csx,"Got the supermarket at just the right time.. ¬£3.05 for 24 deli counter chicken wings, and some mexican rice.",,https://i.imgur.com/XRDKh6H.jpg,1537017193.0,240,0.97,35,CasualUK,[deleted]
9g1c6f,"Argh, Parker pen refills got me‚Ä¶",,https://i.redd.it/iltv5bs7jem11.jpg,1537017019.0,57,0.79,18,CasualUK,RealitysAtombin
9g18qv,The Yorkshire Regiment Rifles were in wakefield today,,https://i.redd.it/8zf1wceegem11.jpg,1537016082.0,52,0.94,7,CasualUK,thisiscotty
9g1822,Walked past this. My heart üòç,,https://i.redd.it/qhhwrhhsfem11.jpg,1537015870.0,367,0.99,15,CasualUK,DinoButtsy
9g0l60,Attempted homemade oat and raisin cookies. Fair play to the online recipe for somehow noticing I‚Äôm a fat bloke and evidently scaling up the recipe so it makes enough to keep even -me- going for a few days.,,https://i.redd.it/nkt28lbotdm11.jpg,1537008440.0,66,0.94,16,CasualUK,-SaC
9g0j8w,You know what time it is.,,https://i.redd.it/6cwm1zvgrdm11.jpg,1537007694.0,641,0.95,126,CasualUK,StabbyVicar666
9g0ewo,One of the last sunny days of the year. Going to attempt to BBQ these absolute shortribby units. Wish me luck.,,https://i.redd.it/kmihjf5umdm11.jpg,1537006184.0,167,0.91,26,CasualUK,kopsy
9g0cdl,Stumbled across a squad of redcoats on my morning walk to the shops,,https://i.redd.it/yf83ngwvjdm11.jpg,1537005291.0,165,0.99,20,CasualUK,RxRedditor
9g09u0,First day off of work and mum has me brushing the driveway? Does anyone else actually do this?,,https://i.redd.it/0sbapz4ehdm11.jpg,1537004309.0,83,0.96,22,CasualUK,L3veLUP
9g07uj,CasualUK hits 200k!,"We have been a subreddit for something along the lines of 18 months now (13th of February 2017, 11:25am to be exact) and what a ride it's been. From a few people who just wanted a little corner of the internet to shitpost in we've grown at an incredible pace and gone from strength to strength in terms of content, memorable stories and events and grown into what we all like to think isn't just a subreddit anymore but more of a community, as cheesy as that sounds.

The people who make this place are you guys, so here's to you - thank you from all of us on the team for making this the place we all like to come back to day after day - from the people asking pertinent and stupid questions, users taking wonderful photographs, screengrabs of truly hilarious pieces of the internet for us to poke fun at, to the people sharing stupid news stories all the way up to the master baiters who draw some of us in and give the rest of us a damn fucking good chuckle - thank you. 

A big thank you too to all of you who have helped us to raise nearly ¬£3,000 as a community for charities chosen by yourselves through our quarterly charity threads. We have raised staggering amounts for both Shelter and CALM, and our next nomination thread will be up within the coming weeks, so keep your eyes peeled! 

It doesn't feel like a milestone post without a bit of a round up, so here for some of you who may be new are some of our collective favourite posts.

* [The infamous urinal post](https://www.reddit.com/r/CasualUK/comments/7zo616/are_there_any_regulationslaws_stopping_a/)

* [The time we started trading train tickets which led to many many more people leaving deaddrops of train tickets in random places](https://www.reddit.com/r/CasualUK/comments/7knu6h/accidentally_bought_a_train_ticket_for_the_wrong/)

* [The time we got a picture of a lemon to /all](https://www.reddit.com/r/CasualUK/comments/8y0jrb/lads_look_at_the_size_of_this_lemon_that_is_all/)

* [The shittest, saddest meme of all time](https://www.reddit.com/r/CasualUK/comments/80d6k8/just_ham_things/)

* [ITT we pretend we're American](https://www.reddit.com/r/CasualUK/comments/6d8c4w/itt_we_all_pretend_were_americans/)

* [The Home Invasion post](https://www.reddit.com/r/CasualUK/comments/9ey4pe/i_endured_the_most_english_home_invasion_ever/)

* [Sad Mario :-\(](https://www.reddit.com/r/CasualUK/comments/86kmvd/my_friend_went_missing_on_a_stag_do_in_portugal/)

* [Darren the pothole measurer](https://www.reddit.com/r/CasualUK/comments/83eblc/cheshire_west_council_called_out_on_twitter/)

* [The post match thread, England Colombia](https://www.reddit.com/r/CasualUK/comments/8vvrgr/england_11_colombia_54_on_pens/)

* [Yorkshire breakfast](https://www.reddit.com/r/CasualUK/comments/99v3jh/too_far/)

* [The classic four for a fiver](https://www.reddit.com/r/CasualUK/comments/5vlqhq/i_bought_4_pints_today/)

These were some of our favourite moments on CasUK, but the real question is which moments are your favourites?   We hope you‚Äôve enjoyed the road so far. Here‚Äôs to the next 100k subscribers!   

Love, the mods x",https://www.reddit.com/r/CasualUK/comments/9g07uj/casualuk_hits_200k/,1537003622.0,366,0.97,109,CasualUK,jptoc
9g07rx,Anyone else prefer a meat free breakfast?,,https://i.redd.it/kkcjej0afdm11.jpg,1537003591.0,83,0.66,113,CasualUK,phenson23
9fzwsn,I think I‚Äôm going to name you...Adolf.,,https://i.redd.it/pyg3ih9y2dm11.jpg,1536999443.0,101,0.91,18,CasualUK,cbren88
9fzr4w,Trolleys are evidently for suckers,,https://i.imgur.com/g7Zev48.jpg,1536997293.0,64,0.95,11,CasualUK,tjuk
9fzozz,¬£2.50 for stale bread and cold bacon. Butter is extra.. from our local asda cafe.,,https://i.imgur.com/QFV0978.jpg,1536996545.0,6479,0.97,433,CasualUK,TomskiGames
9fzoz8,Adam Buxton &amp; His Podcasts,[deleted],https://www.reddit.com/r/CasualUK/comments/9fzoz8/adam_buxton_his_podcasts/,1536996538.0,64,0.97,63,CasualUK,[deleted]
9fz1kf,It's 6am. In the First Class Lounge at Bristol Airport about to go to Cancun and I'm going to have a pint for you bunch of muppets! Happy Saturday,,https://i.redd.it/p3bx7p3p6cm11.jpg,1536988602.0,372,0.85,116,CasualUK,HarryGoLocky
9fvzaj,Yay or Nay?,,https://imgur.com/6DxU1El,1536960268.0,120,0.84,66,CasualUK,nathanmcc1
9fvw05,How has your Friday been?,[deleted],https://v.redd.it/61dc3kc5s9m11,1536959640.0,151,0.95,66,CasualUK,[deleted]
9fveyd,Stubborn Measurements,,https://i.redd.it/jnic2b22i9m11.png,1536956139.0,122,0.91,75,CasualUK,[deleted]
9fuyl3,Especially for you.,,https://i.imgur.com/qWbQnzA.jpg,1536952903.0,329,0.98,18,CasualUK,BanginDrumsNMums
9fuml4,"A friend is getting married tomorrow and we went to great lengths to get a pun in.... a ""toast"" to the married couple!",,https://i.redd.it/kiqlptcn19m11.jpg,1536950582.0,65,0.91,26,CasualUK,hysteria90
9fui57,Don't worry guys they fixed it,,https://i.redd.it/krq8pdo1z8m11.jpg,1536949727.0,9464,0.97,140,CasualUK,thatonechappie
9fud7u,Somewhere in Manchester,,https://i.redd.it/5aufjdnyw7m11.jpg,1536948763.0,207,0.94,6,CasualUK,[deleted]
9fu6zi,Why the fuck do you maniacs put 's' at the end of every word?,"Tescos. Wetherspoons. Lidls. Aldis. 

Why? It seems like me and my family are the only people who don't do it and it's quite possibly gonna drive me insane. All my friends¬† do it, along with my grandparents. I'm honestly¬† stumped, what is wrong with you people. 

I am actually English btw.",https://www.reddit.com/r/CasualUK/comments/9fu6zi/why_the_fuck_do_you_maniacs_put_s_at_the_end_of/,1536947577.0,61,0.94,68,CasualUK,Spinkledorf
9fu6yc,Some might say his business is really taking off,,https://i.redd.it/pk1wyi2ps8m11.jpg,1536947569.0,154,0.99,15,CasualUK,highlander2189
9ftktq,"The light came on on the outside of the train and every single person crept forward to see if we‚Äôd finally be allowed on the delayed train. Obviously not, it was just a malfunctioning light!",,https://i.redd.it/2jqkkddtf8m11.jpg,1536943243.0,57,0.98,7,CasualUK,tstorey2206
9ftkh6,Weekend sorted lads.,,https://i.imgur.com/1YQRS0O.jpg,1536943172.0,78,0.88,52,CasualUK,OzziePeck
9ftjw2,It's not just the ocean that plastic is ruining. It's gotten onto the ducks in our park!,,https://i.redd.it/2754uit9f8m11.jpg,1536943053.0,124,0.98,28,CasualUK,gococci
9ftftg,"Been pricking jacket spuds for years and never observed the results of not doing so. There are only 4 spuds in here, the skin jumped clean off! A formative experience for all.",,http://imgur.com/gallery/enxHV5u,1536942234.0,46,0.93,12,CasualUK,[deleted]
9ftbzv,It's officially conker season!!,"And I seem to be the only one childishly excited about this... I came back from my lunch break with a grin on my face and pockets stuffed with conkers. I don't even know why they make me so happy, I guess it's the recollection of childhood :)",https://www.reddit.com/r/CasualUK/comments/9ftbzv/its_officially_conker_season/,1536941471.0,84,0.97,30,CasualUK,Sister-Rhubarb
9fswjj,This sherbet dip I got was rock solid,,https://i.redd.it/b9oyocxu18m11.jpg,1536938544.0,72,0.97,11,CasualUK,killerkangaroo8
9fsly6,Hideous monstrosity spotted in Swindon,,https://i.imgur.com/gGTiN1A_d.jpg?maxwidth=640&amp;shape=thumb&amp;fidelity=medium,1536936404.0,213,0.98,34,CasualUK,djlr
9fs6ws,Poundland has changed the self checkout voice to Elvis and it is quite possibly one of the best things ever,,https://v.redd.it/b34iqky1m7m11,1536933338.0,102,0.92,27,CasualUK,OG_Chaotics
9frr4w,"Good Afternoon, Braunton Devon",,https://i.redd.it/gm84uy9mb7m11.jpg,1536929717.0,70,0.94,10,CasualUK,r_mcph
9frpry,Tfw you remember that gromit in Russian means 'destroy' and gives us the word pogrom,,https://i.redd.it/0mkvq88la7m11.jpg,1536929374.0,139,0.96,10,CasualUK,NeuteredUser
9frbg2,Warwick Castle innit,,https://i.redd.it/l0qs1mwrz6m11.jpg,1536925734.0,246,0.97,33,CasualUK,Saber45
9fqvq9,Saw the Pikachu car and decided to add my local weird vehicle,,https://i.redd.it/u2c4xkc4m6m11.jpg,1536921142.0,206,0.96,39,CasualUK,BrigadierCain
9fqvkr,You stay classy This Morning,,https://i.redd.it/wtb8fvizl6m11.jpg,1536921098.0,372,0.99,60,CasualUK,OrigamiPenguinCannon
9fqro1,This dashboard,,https://i.redd.it/tejcouv8i6m11.jpg,1536919839.0,68,0.94,16,CasualUK,Mickmas123
9fqrmt,"Started college this week, looks like I came to the right place!",[deleted],https://i.redd.it/8ha1wbk7i6m11.jpg,1536919826.0,433,0.98,15,CasualUK,[deleted]
9fqr23,ELAS ∆éVISSAM,,https://i.redd.it/8qnacbkkh6m11.jpg,1536919654.0,9541,0.96,200,CasualUK,SEOip
9fqly6,Just moved to a new place and while packing my stuff I found this inside a drawer.,,https://i.redd.it/x6m950lmc6m11.jpg,1536917982.0,1215,0.98,182,CasualUK,sister_sister_
9fqlt8,"Moved to Hong Kong to study, flatmate is also a Brit. After 3 weeks it was to much so we had a special moment.",,https://v.redd.it/pw2mulsec6m11,1536917979.0,164,0.94,23,CasualUK,mhealey44
9fql7h,Spotted today on Charing Cross Road. New mode of public transport on trial?,[deleted],https://v.redd.it/b72tq25cw1m11,1536917741.0,117,0.96,20,CasualUK,[deleted]
9fqah3,Liam Gallagher: A National Treasure Part 2,,https://i.redd.it/atms59kt06m11.jpg,1536913979.0,765,0.93,71,CasualUK,Tommy_Wilson_
9fq44f,"Weekly Pub Quiz #55: General knowledge, answers in comments. This week we have the villain from the Smurfs, the proud nation of France, and flags with circles on them among our topics!",,https://imgur.com/a/TWXrMAq,1536911606.0,65,0.94,80,CasualUK,Kerigorrical
9fq0n8,"At a gigantic international broadcast conference in the Netherlands, surrounded by representatives from all over the world I found this in the UK and NI section. Yes those are chocolate digestives.",,https://i.redd.it/z7jmxeu7q5m11.jpg,1536910413.0,157,0.96,45,CasualUK,focalpointVR
9fpx7j,It‚Äôs important that your neighbours all get along.,,https://i.redd.it/stiwyfynm5m11.jpg,1536909218.0,83,0.94,16,CasualUK,joemichaelbarber
9fpw3y,Bruce left us a little note reminding us about the benefits of a clean staff kitchen.,,https://i.redd.it/m26rw3ifl5m11.jpg,1536908872.0,363,0.98,31,CasualUK,YourJoyOffendsMe
9fptbd,The best place to recycle batteries - the 07:51 to Marylebone of course,,https://i.redd.it/r9c6tjrui5m11.jpg,1536907978.0,106,0.98,12,CasualUK,Space-manatee
9fpqel,Exhibition of LBGT artefacts at the OAP home.,,https://imgur.com/K4F7io3,1536906985.0,134,0.89,30,CasualUK,ThrowAway_NoComeBack
9fpgfm,Nottingham Memorial Gardens over the River Trent,,https://i.redd.it/csc50u0365m11.jpg,1536903643.0,229,0.99,18,CasualUK,ormian7
9fmesf,"Arriva trains Wales not only charge you ¬£2 to get your wallet back, but also take 10% of your money in there.",,https://i.redd.it/ws1uip9dy2m11.jpg,1536876832.0,371,0.99,121,CasualUK,llusnewo
9flzdd,"Week 3 of Great British Bake Off, cinnamon and raisin 3 strand challah bread!",,https://i.redd.it/2nk1nfoso2m11.jpg,1536873615.0,182,0.95,16,CasualUK,HappyMel
9flt2n,Straight from 4.5 tog to 15 tog after the first sign of a chill in the air.,"Going to be toastie tonight. 

Update to say I was bloody roasting. Felt good though, cocoon sleep.",https://www.reddit.com/r/CasualUK/comments/9flt2n/straight_from_45_tog_to_15_tog_after_the_first/,1536872387.0,79,0.96,45,CasualUK,salemchalem
9flie6,[Meta] CasualUK is now more active than /r/unitedkingdom congrats everyone!,[deleted],https://i.gyazo.com/52de4221d4f3b6b591d79822274f02c1.png,1536870203.0,5545,0.97,601,CasualUK,[deleted]
9fldeg,"Good afternoon, Bristol",,https://i.redd.it/yx7btt7sb2m11.jpg,1536869238.0,66,0.99,7,CasualUK,_mini
9flcag,Some Loch in Scotland,[deleted],https://i.imgur.com/aBnHwVh.jpg,1536869036.0,125,0.96,10,CasualUK,[deleted]
9fla70,"My evening dog walk route (Bishops Palace, Wells Somerset)",,https://i.redd.it/h264xyqx92m11.jpg,1536868619.0,102,0.97,15,CasualUK,tyrefire2001
9fl48g,She circle bombed the local paper. Now she can give hundreds of people a dead arm.,,https://i.redd.it/7v0641ff62m11.jpg,1536867437.0,64,0.95,10,CasualUK,Nettofabulous
9fkof7,"Unfiltered picture of a lake near me (Greater London). I know we take the piss, but sometimes this country has it!",,https://i.redd.it/yrhwawn8x1m11.jpg,1536864355.0,267,0.98,15,CasualUK,i-made-this-for-kasb
9fk0g4,Rob Parker gets around,,https://i.imgur.com/JsVxxnN.jpg,1536859755.0,242,0.98,51,CasualUK,ExcessiveGravitas
9fjvkm,Freeman of the land - who is not bound by laws - has been arrested for breaking the law,,https://i.redd.it/kyyay1feg1m11.jpg,1536858820.0,78,0.95,29,CasualUK,yavinmoon
9fjqdd,Only in Britain can you buy pies and sausage rolls on a home shopping TV channel. Makes me proud! What a time to be alive...,,https://i.redd.it/frfeqocwd1m11.jpg,1536857864.0,301,0.97,31,CasualUK,[deleted]
9fjkuw,My 1kg box of Crunchy Nut is too big for my cupboard and I have to cut the top off.,,https://i.imgur.com/TLj0O8i.jpg,1536856790.0,115,0.94,27,CasualUK,anagoge
9fjjob,Feels good!,,https://i.imgur.com/BvzBrsy.jpg,1536856560.0,108,0.86,60,CasualUK,steven0451
9fjenc,On the holiday of a lifetime in the Canadian Rockies and see this.,,https://i.redd.it/j4d6k6n671m11.jpg,1536855594.0,122,0.95,38,CasualUK,british_boondog
9fjcw1,Somebody in my hometown drives a Citro√´n Pi-kachu...,,https://imgur.com/5yjbnxC,1536855254.0,218,0.96,13,CasualUK,CMDaddyPig
9fiz90,The most relatable Cards Against Humanity card as an English person living in North Wales,,https://i.imgur.com/Bffaw9k.jpg,1536852606.0,240,0.96,71,CasualUK,asdfnthn
9fixie,At least you know there will be no slacking if you hire these guys.,,https://i.redd.it/h1w7iq08x0m11.jpg,1536852258.0,56,0.94,6,CasualUK,idlewildgirl
9firx4,Type gobshites into Google maps,Haha.,https://www.reddit.com/r/CasualUK/comments/9firx4/type_gobshites_into_google_maps/,1536851153.0,151,0.93,34,CasualUK,MrRedditAccount
9fhwqo,Housemates were wondering why the dryer was taking ages to dry stuff,[deleted],https://i.redd.it/z2nuk0q0b0m11.jpg,1536844767.0,75,0.95,13,CasualUK,[deleted]
9fhokn,Eurofighter also in Manchester for the weekend,,https://i.redd.it/lh704q7g50m11.jpg,1536842920.0,78,0.95,16,CasualUK,apache0796
9fhk8m,An American Making a Discovery,,https://i.imgur.com/Qent4O4.jpg,1536841904.0,416,0.97,51,CasualUK,DanielM4713
9fhge9,To the man in Nandos who unlocked the jammed toilet cubicle door: thank you for saving me from a lifetime of public embarrasment.,,https://www.reddit.com/r/CasualUK/comments/9fhge9/to_the_man_in_nandos_who_unlocked_the_jammed/,1536840932.0,56,0.96,15,CasualUK,Hullian111
9fhd9i,"I took up wild swimming this summer. This is my favourite spot to go and autumn is already bringing new delights (Moon over a lake, Yorkshire, UK)",,https://i.imgur.com/xYLt5MF.jpg,1536840135.0,86,0.94,27,CasualUK,agnesb
9fhcr1,Sent out 17 consoles and 250 games to 11 hospitals last night! üè•üéÆ,[deleted],https://i.imgur.com/mCqkxbm.jpg,1536840026.0,2782,0.98,138,CasualUK,[deleted]
9fh8x2,How London's Docklands has changed (1986 - 2018),[deleted],https://i.redd.it/3kqqlqbhpwl11.jpg,1536839026.0,730,0.99,140,CasualUK,[deleted]
9fh4ur,"On holiday in Mexico, looking at the excursion brochures when I spotted a fellow brit.",[deleted],https://i.redd.it/pbnuegkhqzl11.jpg,1536837871.0,78,0.94,10,CasualUK,[deleted]
9fgxoa,The Jobcentre have started a 'meeting new people' group... for people that are anxious about meeting new people.,,https://i.redd.it/xcr1gx40kzl11.jpg,1536835717.0,94,0.97,31,CasualUK,druidsandhorses
9fgp5k,We built this city,,https://m.youtube.com/watch?v=txsHuXIZtxQ&amp;feature=share,1536833097.0,256,0.95,31,CasualUK,ShuffleandTruffle
9fghnj,Does selling stuff at a car boot count as 'work experience'?,"I've been getting no interest in my CV on Monster/Reed and I'm getting to the point where I *really* need a job (I'm pretty sure mum won't lend me money any more for bills/shopping/mortgage), and not helped that I had go thirds on a new microwave yesterday. The only job opening in town I've found is at Scope, but I asked if they'd pay me as I've got retail experience (and some very interesting ideas on how to promote their shop) but the lady in the back-room refused. So I want to try and add more 'skills, experience and achievements' on my CV to hopefully give me more chance to get interviews and actually be noticed on job websites.

The only thoughts I have right now (without outright lying about jobs, I'd rather not do that) is:

- I had a stall (well, a blanket and old sofa) at a local car boot earlier in the year. I technically didn't make money from it (after accounting for the cost of the pitch) but I was, in essence, manager of a small shop. Is this something I could add to my work experience or skills part of my CV?

- I've also bought things online, customised them, created professional posters/leaflets for them (marketing) and sold them to locals (car boot/bus station). Again, didn't technically make profit but I learned how to 'cold sell' to people and it felt like a business (of buying things at 'cost price' and selling them at a 'retail price', even if ultimately I had to discount nearly all of them). Is this something I could add to the CV?

- I was going to add a housemate's number as my 'reference' at a recent job (which won't give me a positive reference if I add their real number). Is that legal?

- I recently started learning a couple of coding languages (Java and python) but I found it pretty difficult and ended up giving up after a couple of weeks. I wasn't planning to add these to the CV, but is there an easier language I could learn that could be added? 

- I took off my year 9 SATs from my CV earlier in the year and I feel like I've been getting *less* interest since then, so I've re-added them back on for now (as they are the only qualifications I have achieved and every CV template I've seen has a qualifications section). I figure there are no free online courses I can take which could be added in the 'qualification' section of the CV (to replace my y9s's)? One job site I use is Reed and they have a 'free courses' page but I'm not sure if they are addable to a CV (and they haven't replied to my email).

- Are there any other 'skills or achievements' that people often add to a CV that don't take much work to do? I have looked to see if there's any marathons/half-marathons I can run locally (and get sponsorship) but I can't find any (I used to be pretty good at long distance running at school).

Thanks for any advice.

Edit: I've looked into taking a free GCSE, signed up to a free online Excel course, and added Asda reference back onto the CV (due to them not giving information other than start/end date), thanks again for all the advice so far.",https://www.reddit.com/r/CasualUK/comments/9fghnj/does_selling_stuff_at_a_car_boot_count_as_work/,1536830596.0,90,0.84,104,CasualUK,TopTrumpWANKER
9fgaew,"Ladybirds! Every spar of the 30m of metal railings looks like this. I must have missed the frogs, boils and fiery hail.",,https://i.redd.it/qzwwllljxyl11.jpg,1536828157.0,118,0.98,50,CasualUK,Holweg
9fg8pc,These low poly bushes are getting out of hand...,,https://i.imgur.com/87tVp5l.jpg,1536827515.0,265,0.98,28,CasualUK,GirlFromBlighty
9fg3t0,"Good morning, Bristol!",,https://i.redd.it/jqaqhiulqyl11.jpg,1536825796.0,6634,0.96,362,CasualUK,realRishabhSagar
9ffyqw,It'll never be that hot ever again!,,https://i.redd.it/zutsr899lyl11.jpg,1536823998.0,216,0.96,44,CasualUK,ale152
9ffx80,Advert in UK service station,,https://i.redd.it/fl3s9jwojyl11.jpg,1536823475.0,160,0.95,31,CasualUK,francishinehughes
9ffqzq,"Don't reckon I'll be trusting a travel app where the mascot is an actual devil, thanks!",,https://imgur.com/bylVOG6,1536821546.0,246,0.97,14,CasualUK,joeKangaroo
9ffl4i,The only time of day my desk gets natural light. FML,,https://imgur.com/a/8nr8ybG,1536819631.0,53,0.98,20,CasualUK,RizzoTheSmall
9ffiqz,"I‚Äôve missed this time of year, always makes my morning commute a little less unpleasant",,https://i.redd.it/yvkdapb16yl11.jpg,1536818894.0,673,0.98,50,CasualUK,urbanpandauk
9feif7,... until they‚Äôre used for robbery by that dastardly Feathers McGraw,,https://i.redd.it/0i43tb6lbxl11.jpg,1536808647.0,176,0.98,9,CasualUK,SkinnersSteamedHams1
9far3i,"Game changer my friend sent me, put it on Friday night before bed ready for Saturday morning, Just have to sleep through the good smell.",,https://i.redd.it/ls4sfq7oxul11.jpg,1536779743.0,332,0.86,122,CasualUK,watugoat
9faiyq,We usually have a game of pool during breaks. Wasn't sure where else to post this great shot!,,https://v.redd.it/rg4dj4rysul11,1536778286.0,86,0.96,8,CasualUK,memesdotjpeg
9fa776,Why can't all instructions be this clear?,,https://i.redd.it/p4ahifanmul11.jpg,1536776036.0,5010,0.98,254,CasualUK,hexajon
9fa0iq,"Thanks Tesco, and accurate description of me",,https://i.redd.it/33v9a7eriul11.jpg,1536774760.0,243,0.95,20,CasualUK,Marcelient
9f9r6u,*bing bong* we are sorry to announce that the -eighteen-twelve- train to -manchester Piccadilly- calling at -crewe- -wilmslow- and -stockport- has been delayed by -twenty eight- minutes.,,https://i.redd.it/brn6nttgdul11.png,1536772951.0,1106,0.99,117,CasualUK,Tal29000
9f9npk,I picked this up from Tesco and now I suddenly find myself excited for doing the washing up!,,https://i.redd.it/qtomn8xibul11.jpg,1536772298.0,215,0.95,31,CasualUK,PickleHarry
9f9kas,Tesco are getting miffed at people stealing soap from the toilet,[deleted],https://i.redd.it/2gmytxtn9ul11.jpg,1536771671.0,74,0.98,12,CasualUK,[deleted]
9f9jum,Shoutouts to the people leaving reviews at who-called.co.uk,,https://i.redd.it/o3wwu7lc9ul11.jpg,1536771588.0,1104,0.99,36,CasualUK,Player_15
9f9dp8,National Gallery,[deleted],https://i.redd.it/hq36788virl11.png,1536770371.0,490,0.96,8,CasualUK,[deleted]
9f9dgh,"Hermes, hide &amp; seek champions of the world",,https://i.redd.it/r0k9txxl5ul11.jpg,1536770317.0,56,0.99,8,CasualUK,Clomojo87
9f961b,Perfect,,https://imgur.com/qoTmpx2,1536768895.0,442,0.98,13,CasualUK,Jordain47
9f95sg,Mushroom!,[deleted],https://i.imgur.com/haaDlc4.jpg,1536768845.0,77,0.96,12,CasualUK,[deleted]
9f8rw6,Added many of your suggested landmarks to my mural of Great Britain!,,https://i.redd.it/lk2rh3y8ttl11.jpg,1536766254.0,65,0.97,49,CasualUK,Fithboy
9f8p4n,"Recently discovered you can see where your ancestors came from by the shape of your toes, absolutely fascinating chart",[deleted],https://i.imgur.com/3IzlMxx.png,1536765761.0,427,0.96,73,CasualUK,[deleted]
9f8ig2,Always keep your valuables safe from thieves...,,https://i.redd.it/vdoeecc7otl11.jpg,1536764453.0,105,0.94,6,CasualUK,Bigjambo1
9f8fvd,Somebody give this writer a promotion,[deleted],https://i.redd.it/wauq5dckmtl11.jpg,1536763944.0,316,0.98,19,CasualUK,[deleted]
9f84gu,Poor Deb!,,https://i.redd.it/4zm35i3sftl11.jpg,1536761621.0,197,0.98,13,CasualUK,spudgun81
9f838t,"Always look on the bright side of life, I suppose?",,https://i.redd.it/iljdwv0wetl11.jpg,1536761377.0,210,0.98,17,CasualUK,Benjyman
9f7smx,Broke down outside Screwfix. They offered us free coolant to get us back on the road but we have a leak. So they gave us a brew. Good guy Screwfix!,,https://i.redd.it/zwqjs5nq8tl11.jpg,1536759253.0,905,0.97,61,CasualUK,Diastolic
9f7eap,Approaching my car after a long day at work... Oh you b*stards,,https://i.imgur.com/3Ygs6nh.jpg,1536756152.0,96,0.98,36,CasualUK,SupermotoArchitect
9f6a25,Since when were hospitals so fun? Spent the past hour in a quite room with a pool table and four games consoles!,,https://i.imgur.com/FRImVC3.jpg,1536745506.0,64,0.96,22,CasualUK,9DAN2
9f692q,What does everyone do for work?,"Yo guys, Slow day for me. I've not slept due to toothache after my wisdom tooth has been removed so I'm having a steady day in the office. I'm a basic administrator and I work on my computer all day, every day. 

So what does everyone else do?",https://www.reddit.com/r/CasualUK/comments/9f692q/what_does_everyone_do_for_work/,1536745176.0,63,0.97,509,CasualUK,Nevarc_Xela
9f65j0,I'm on the wrong bus.,"I've got on the wrong bus an can't ring the bell straight away because I'll look lazy for going one stop. 

*Sigh*",https://www.reddit.com/r/CasualUK/comments/9f65j0/im_on_the_wrong_bus/,1536744015.0,153,0.92,26,CasualUK,suexo
9f5v82,Lancashire Police‚Äôs guide to ‚Äúyouth language‚Äù,,https://i.redd.it/fn9oejxforl11.jpg,1536740319.0,14186,0.95,1034,CasualUK,krim_z0n
9f5r2c,"I don't want to have to pay the council to collect this cabinet, so I'm going to blackmail other people to remove it for me.",,https://i.redd.it/2k30ofv5krl11.jpg,1536738901.0,166,0.93,47,CasualUK,OrigamiPenguinCannon
9f5m3d,Dash cam,,https://i.imgur.com/oWNGzOo.gifv,1536737216.0,997,0.98,142,CasualUK,oogidyboogidy19
9f5ije,Someone really has a grudge against my workplace,,https://imgur.com/Cubz3r5,1536736084.0,371,0.98,7,CasualUK,SquireBev
9f5ddy,That's the heating on,Finally gave in and put it on last night. The dog seemed cold. ,https://www.reddit.com/r/CasualUK/comments/9f5ddy/thats_the_heating_on/,1536734561.0,59,0.92,44,CasualUK,fragilefleetingthing
9f3g1c,Greatest biscuit around?,,https://i.redd.it/lb142ykiopl11.jpg,1536716141.0,110,0.9,61,CasualUK,Red-Octopus
9f14b0,A historic location if ever there was one,,https://i.imgur.com/STAF7cB.png,1536698019.0,126,0.99,7,CasualUK,Doe_Ray_EGON
9f11tg,Only in the Isle of Man would this be on the front of the newspaper...,,https://i.redd.it/off0dj875ol11.jpg,1536697528.0,318,0.98,13,CasualUK,DollyDaydreem
9f0xj1,English be difficult? Yaaar.,[deleted],https://i.redd.it/om9fpwen2ol11.jpg,1536696671.0,91,0.96,14,CasualUK,[deleted]
9f0ukh,Everyday last week a delivery driver turned up at my door saying I had a parcel for him to pick up. I had no idea what he was talking about.,"As the title says, a Hermes driver turned up at my door every single day last week to make a pickup for a parcel I didn‚Äôt have and knew nothing about. I tried telling him I didn‚Äôt book anything but he says it‚Äôs all on the system and he can‚Äôt cancel it, he‚Äôll be back to tomorrow to try again.

They didn‚Äôt come today amazingly but I‚Äôm on the verge of just writing a random address on a brick and handing it to him.",https://www.reddit.com/r/CasualUK/comments/9f0ukh/everyday_last_week_a_delivery_driver_turned_up_at/,1536696092.0,64,0.92,19,CasualUK,dr_tar
9f0ri8,Can you leave it at the back door please.,,https://i.redd.it/tt41s173znl11.jpg,1536695473.0,71,0.99,28,CasualUK,Jorarl
9f0hbh,Thomas's Grumpier Cousin Gustav,[deleted],https://i.imgur.com/5BDkoNt.jpg,1536693454.0,330,0.98,11,CasualUK,[deleted]
9ezt8g,The Great British Bake Off Week 3 - Bread Week! (11/09/2018),"Good evening and welcome to Bake Off's third episode live thread. This week is **Bread Week**, the week everyone dreads as our very own silver fox Paul Hollywood is the King of Bread (by his own appointment). Expect even more inscrutable looks than usual. Here‚Äôs a quick recap of last week‚Ä¶

First and foremost ‚Äì we confirmed Kim-Joy was definitely a Redditor. Hello again, Kim-Joy!

In Baking related news, everyone‚Äôs favourite civil servant/techno DJ \#ladladlad from Sheffield was the unfortunate loser, serving up what looked quite a lot like a half melted snowman as his showstopper. Good try, but in the words of some dude, it was wank.

Rahul charmed us all and received a handshake for his showstopper, with solid signature and technical bakes, Rahul fully deserved it. However, he wasn‚Äôt the only recipient of a handshake, with both Dan and Ruby also receiving them for their technical and showstopper bakes respectively. I can only hope that this fuels their developing catty rivalry (\#TeamRuby). Paul Hollywood Handshake stock is at an all time low.

Finally, subreddit favourite Terry ‚ÄúBig Tel‚Äù Terryson is legitimately a dead man walking. How the hell he survived last week is anyone‚Äôs guess. Two terrible weeks in a row, in the bottom 3 in *every single bake* he‚Äôs done so far‚Ä¶ Big Tel can‚Äôt be long for this world.

**Our hosts**

[Noel Fielding](https://media.giphy.com/media/qpHQQ5CA0huPS/giphy.gif) and [Sandi Toksvig](https://pbs.twimg.com/media/DH-_JIQWsAIgQmp.jpg) are in charge of proceedings, with [Paul Hollywood](https://us.123rf.com/450wm/stockgiu/stockgiu1704/stockgiu170401139/77185205-cute-angry-bread-icon.jpg?ver=6) and [Prue Leith](https://cdn.newsserve.net/i/20171031/144-GBBO-fans-mock-Prue-Leith-necklace-again.jpg) delivering withering put downs and assessments of a bunch of amateurs attempts at professional level baking. The bastards.



Name | Star Baker Count | Week Out
---|---|----
Jon, 47 | 0 | -
Kim-Joy, 27 | 0 | -
Rahul, 30 | 1 | -
Antony, 30 | 0 | -
Karen, 60 | 0 | -
Ruby, 29 | 0 | -
~~Luke, 30~~ | 0 | Week 2
Manon, 26 | 1 | -
Briony, 33 | 0 | -
~~Imelda, 33~~ | 0 | Week 1
Terry, 56 | 0 | -
Dan, 36 | 0 | -
",https://www.reddit.com/r/CasualUK/comments/9ezt8g/the_great_british_bake_off_week_3_bread_week/,1536688536.0,51,0.86,563,CasualUK,jptoc
9ezkr3,British English is going extinct,[deleted],https://www.reddit.com/r/CasualUK/comments/9ezkr3/british_english_is_going_extinct/,1536686848.0,199,0.96,137,CasualUK,[deleted]
9ezear,Construction workers win big with a safe.,,https://v.redd.it/4c8mjgux7ml11,1536685584.0,61,0.9,19,CasualUK,ChrisPars
9ez95r,Shared the bus with a couple of ghosts this morning,[deleted],https://i.redd.it/lzw0xfcp2nl11.jpg,1536684583.0,59,0.94,3,CasualUK,[deleted]
9ez75n,Iceland's response to the Waitrose student cupboard essentials,,https://i.redd.it/vjrkni7l1nl11.jpg,1536684206.0,659,0.97,172,CasualUK,StitchConverse
9ez2xd,Old matches from a London hotel,,https://i.redd.it/xfd0me03zml11.jpg,1536683365.0,77,0.98,4,CasualUK,Sanchoman1
9ey4pe,"I endured the most English home invasion ever - four masked men brandishing crowbars stormed into my house and threatened to kill me, before apologising, shaking my hand and leaving.","Posting this here because I have no idea where else to post it... I may have over-egged the detail, so this story is quite long. But if it entertains anyone today, then I suppose I have achieved something! The detail is pretty accurate, cos I made notes immediately after the event, and I've tried really hard to be honest and not embellish too much!

This occurred in 2015, otherwise known as the worst year of my life. It certainly wasn‚Äôt what Back To The Future had let me to expect.

After losing my dad to cancer, my sister having a miscarriage and my BBQ exploding on my birthday gathering, I was beginning to think my luck would have to turn soon. It was August, the summer was ending and nothing bad had happened for two whole months‚Ä¶

I‚Äôd been up late watching It Follows, and not being much of a horror fan, I was suitably creeped out. And slightly high. My girlfriend had come home late from a work function and had gone straight to bed, and at about 12.30am I went up there too.

It‚Äôs probably worth explaining that this house has three floors. The ground floor has an entrance, spare room and stairs, the first floor is the kitchen and living room, and the top floor is the bedroom and bathroom. It‚Äôs one of three houses in a little mews in a leafy Sussex village.

I went to bed and was soon drifting off. About 15 minutes later I heard some banging. I didn‚Äôt pay it much mind, assuming that watching a horror movie before bed had made me oversensitive. So I started to go back to sleep. The next memory I have is of shouting. Lots of shouting. The bedroom door burst open, and a group of large figures stormed in, brandishing crowbars.

I remember screaming in that way you try to in a dream, when nothing comes out. I also recall spinning around slightly so as to block my girlfriend, an incredibly sweet and innocent creature who had barely witnessed a crime in her life. I thrust out my legs, kicking one of them in the crown jewels firmly. This led the ring leader to crack me on the legs with a crowbar, telling me in no uncertain terms to not do that again.

So now there are at least four men lined up alongside my side of the bed. Maybe five. Hard to tell, I didn't get to put my glasses on. My girlfriend is screaming, they‚Äôre all shouting, and I‚Äôm incredibly confused. The ringleader then demands that I give him the bag of money.

‚ÄúWhat money!?‚Äù I asked.

‚ÄúGive us the fucking bag of money, we know you‚Äôve got the bag of money!‚Äù the ringleader repeats. Several times.

‚ÄúI don‚Äôt have a bag of money,‚Äù I explained. It‚Äôs hard to remember the order of events, but I do know one thing for sure - Tom Cruise popped into my head.

The previous night I was watching Mission: Impossible 3. I do like that film, and I had it on in the background while I did the washing up. I remember pondering the scene where Ethan Hunt‚Äôs wife has a gun to her head. ‚ÄúI want to give you what you want, but you‚Äôve got to do what‚Äôs right!‚Äù exclaimed Hunt. Hmmm. I wonder if the screenwriter had researched this dialogue. Is this what you are supposed to say in a hostage crisis?

Well, it apparently sewed a seed, because I found myself repeating those words.

‚ÄúI don‚Äôt have a bag of money. I want to get you what you want, but you have to do what‚Äôs right and leave this poor girl alone,‚Äù are the words that came, strangely confidently, out of my mouth.

‚ÄúYeah? Well we know you sold drugs to my daughter!‚Äù said the one I considered to be the sidekick.

‚ÄúNah nah nah, it was my sister,‚Äù said the ringleader in correction.

This exchange told me two things - one, they did not have a particularly good grasp of what their plan was, and two, they were after my neighbour.

For my neighbour is a drug dealer. A weird guy from Essex. He‚Äôs in his mid-30s, about 5‚Äô8‚Äù with light blonde hair and eyebrows to match. He‚Äôs skinny and zany, usually hopping from one foot to the other as he tries to keep his excessive energy in check. He smokes weed from 7am, and boxes on his outdoor punchbag whenever the weed isn‚Äôt enough to keep his energy in check.

Sometimes he can be seen in the communal car park making things. [Like the time he made a wooden triangle](https://i.imgur.com/2E6FGuw.jpg). Or he juggles balls with his dogs, or he shadow boxes. You know, the usual things you expect to see your neighbour doing at literally any hour of the day or night.

Still, realising that the intruders were in the wrong house, I wasn‚Äôt entirely keen on sending them next door. As much as I disliked my neighbour, I didn‚Äôt think he deserved a group of masked men storming in. So I continued to try and talk these people out of the house.

‚ÄúI‚Äôm not a drug dealer, so I‚Äôve no idea what you‚Äôre talking about. There‚Äôs a couple of Macbooks downstairs, sixty quid in my wallet, an iMac‚Ä¶ whatever you want, just take it and go mate.‚Äù

Hearing this offer, the ringleader realised I was being compliant. And if I was willing to give up a few grands worth of computers, why wouldn‚Äôt I just give him the bag of money he was seeking? Slowly, the cogs turned.

‚ÄúIs this number 27?‚Äù he demanded to know.

‚ÄúThe whole area is.‚Äù

‚ÄúYeah but is this number two, twenty seven Acacia Avenue?‚Äù

‚ÄúNo, it‚Äôs number one.‚Äù

‚ÄúWE‚ÄôVE GOT THE WRONG HOUSE!‚Äù

The realisation was startling. They all shouted. One guy had been searching every room, cupboard and drawer. He had given up already. One or two of the others went down stairs to get him, leaving me and my GF with the ringleader and his sidekick, a guy I suspected was far darker in soul than the guy doing all the talking.

‚ÄúRight, you can‚Äôt call the cops of we‚Äôll come back. We know where you live!‚Äù The sidekick said.

Emboldened by the realisation that these guys were morons, I laughed. ‚ÄúYou seriously think I won‚Äôt call the cops? Best I can do is give you a thirty second head start.‚Äù

He didn‚Äôt like that, so he took my phone. Good, I thought. I‚Äôll track that fucker. Sadly, I later discovered, he threw it behind my sofa on his way out of the house.

The ringleader then apologised. He said they were looking for someone else, and there had been a mix up. I said something along the lines of ‚Äúwell I am glad we sorted that out.‚Äù At which point he shook my hand, told me he hoped my GF would be ok, and forced the sidekick to leave with him.

I picked up the bed and jammed it against the door, and enveloped my traumatised girlfriend in a big hug and told her it was over. Which it almost was.

Little did we know, the morons had decided to try again, this time knocking my neighbour's door in and storming his house. But he was in the kitchen, so they went flying past him, up to the bedroom where they found his girlfriend. My neighbour, being the kind of guy he is, then jumped out of the window, abandoned his GF, ran to my front door and stormed into my home.

‚ÄúGO KID! GO KID! THERE ARE PEOPLE IN MY HOUSE!‚Äù He screamed.

‚ÄúNo shit,‚Äù I responded. ‚ÄúWhy do you think my fucking door is wide open?‚Äù

I went out to meet him while talking to the police on my GF‚Äôs phone. He grabbed a knife from my kitchen, the phone from my hand, and went after them. I decided I was done, went back to enjoy the barricade of the bedroom.

It took the police a while to turn up, because the genius neighbour of mine told them they had guns, so we had to wait for armed response. Eventually, my GF and I cautiously walked down to the living room. The police eventually arrived, but they knew it was too late. So they stood outside our houses having a chat and a bit of a laugh. It‚Äôs likely to be the only time I tell four men with machine guns to shut the fuck up.

The rest of the night was a mess of police as they took statements, searched for evidence and quizzed my neighbour about, yes, the bag of money. They were convinced they could bust him for something, as they had wanted to for some time. Turns out he had broken his foot when he leapt from the window, and so he was carted off in an ambulance. As the stretcher went past me in the car park, he tried to talk to me.

‚ÄúGo Kid! I just want to say one thing mate! I just want to say one thing!‚Äù He screamed.

‚ÄúNeighbour, you‚Äôre not physically capable of saying just one thing.‚Äù

The police, who knew him all too well, erupted in laughter. This humiliation would haunt him for some time.

Eventually I heard that my neighbour had claimed it was all because of an instagram picture he had posted on Facebook, and he thought he knew the ringleader. A scumbag he‚Äôd recently connected with on FB. He gave the police two weeks to charge the guy. To the credit of the police, they arrested him but didn‚Äôt have the evidence to charge him.

About a month later, my neighbour beckoned me into his garage where he remonstrated with me for blaming him for the ordeal. ‚ÄúThey terrorised us too!‚Äù he said. He then told me he had taken matters into his own hands, dealing with the ringleader himself, putting him in some sort of box and, I presume, torturing him. He tried to show me some sort of video evidence but I refused to look at it. ""We have to look after our women!"" he said.

He then said that he was aware I had reacted like a pussy when the guys got into my room. A bit bemused by this, I asked him if it was more gutless to scream or to jump out a window and leave my partner behind. This enraged him, and we haven't spoken a single word to each other since.

The only stuff that was stolen was money from our wallets and my Leatherman (it had 'That's not a knife' engraved in it). Nobody was ever charged with the break-in and eventually life went back to normal, albeit with a very expensive new front door. I moved house this year, so I can only hope I never see my neighbour's face again.

TL:DR - Masked men broke in, stormed my bedroom, realised they got the wrong house, said sorry and broke into next door instead. Also, my neighbour is a knob.
  
Edit - fixed a typo and added in a [link to my neighbour with his triangle](https://i.imgur.com/2E6FGuw.jpg). 
  
Edit 2 - I know some people find this story entirely unbelievable, but [it would appear I‚Äôve got back-up on that front](https://ol.reddit.com/r/CasualUK/comments/9ey4pe/i_endured_the_most_english_home_invasion_ever/e5tap79/). 
  
Edit 3 - You can stop trying to guess where my old house is, I changed the address. Banamanan is not my neighbour. ",https://www.reddit.com/r/CasualUK/comments/9ey4pe/i_endured_the_most_english_home_invasion_ever/,1536676812.0,5541,0.97,339,CasualUK,The-Go-Kid
9ey44l,BBC denies quality of motor-sport coverage has dropped due to budget cuts,,https://i.imgur.com/SRtEeiT.gifv,1536676699.0,441,0.99,30,CasualUK,EinsteinsAura
9extw7,My 500g pack of Waitrose spaghetti only weights 394g. Wtf,,https://i.redd.it/d7j3qk629ml11.jpg,1536674612.0,518,0.99,169,CasualUK,dirtychinchilla
9exdan,I bet they get a lot of disappointed customers,,https://i.redd.it/12e2e8tnyll11.jpg,1536671114.0,58,0.98,1,CasualUK,BrassBallsComedy
9ewtzv,In awe of the amount of plums on this tree,,https://i.redd.it/smntad51lll11.jpg,1536666634.0,58,0.95,18,CasualUK,PM_ME_CAT_TOES
9ewady,"Limited yeah, but it's the traffic that'll slow you down.",,https://i.redd.it/tbuixm2f5ll11.jpg,1536661282.0,105,0.98,18,CasualUK,barelysentient-
9ew7gg,Long yorkshires full of chilli con carne on a bed of rice. Has Aunt Bessies gone too far?,,https://imgur.com/gXhgSPt,1536660372.0,376,0.96,52,CasualUK,DrTaff
9evz9f,Anyone who‚Äôs tried to use this website knows the pain,,https://i.redd.it/evr3lgq6vkl11.jpg,1536657840.0,229,0.98,33,CasualUK,Snap-Dragon99
9evuo5,This very informative notice on my way to work...,,https://i.imgur.com/mV6Me1J.jpg,1536656342.0,635,0.99,16,CasualUK,[deleted]
9evemd,Probably one of the best license plates I‚Äôve seen.,,https://i.redd.it/frm90v56akl11.jpg,1536650772.0,1174,0.96,71,CasualUK,MissL7
9ev65b,"Ok, so maybe pot holes should be avoided when you have somebody sitting in the back!",,https://v.redd.it/03fywpfr3hl11,1536648054.0,1577,0.93,67,CasualUK,JowG
9ev4p5,We've got a bomb | Scot's Squad,,https://www.youtube.com/watch?v=_3_Vm6jCL8w,1536647590.0,53,0.9,5,CasualUK,Estul
9ev3dq,Aggers pulls no punches with Piers Morgan,[deleted],https://i.redd.it/gaxcn1gdjhl11.png,1536647155.0,123,0.9,31,CasualUK,[deleted]
9euw9u,Back to school time! I really want to see the syllabus for this place ü§îüì∏ü§≥,,https://i.redd.it/bjrrff4psjl11.jpg,1536644965.0,69,0.89,4,CasualUK,sjwright86
9euvcr,The peak of fashionable and educational,,http://thumbsnap.com/s/GmoN6pi8.jpg,1536644683.0,451,0.98,33,CasualUK,CornedBeefKey
9erlse,I've just realised something about Hot Fuzz.,"Angel - ""You can't just make people disappear.""

Bill Nighy - ""Yes I can, I'm the chief inspector.""

It then transpires that Inspector Butterman has been making people disappear.

I'm probably the last person to realise this, I just had to share. ",https://www.reddit.com/r/CasualUK/comments/9erlse/ive_just_realised_something_about_hot_fuzz/,1536617199.0,67,0.93,38,CasualUK,WhoMD21
9erl05,One rapper Eminem was to scared to come at,,https://i.redd.it/1epx9brvhhl11.jpg,1536617044.0,195,0.89,21,CasualUK,Jarlock1998
9er7et,The essentials of getting through uni,,https://i.redd.it/psoarb5n9hl11.png,1536614274.0,342,0.97,73,CasualUK,[deleted]
9er5qy,Thomas the Tank,,https://cdn.qwertee.com/images/designs/product-thumbs/1536245596-137381-zoom-450x540.jpg,1536613954.0,2152,0.98,70,CasualUK,gsurfer04
9eqieh,If you‚Äôre having a bad day just remember that this guy used to have a good stable job,,https://i.redd.it/kk67qa8fvgl11.jpg,1536609497.0,70,0.97,21,CasualUK,andyhurst94
9eqaoy,"Wetherspoons have done very well at branding themselves as 'the great British pub', when in reality they're slowly destroying great independent British pubs",,https://www.reddit.com/r/Showerthoughts/comments/9eqako/wetherspoons_have_done_very_well_at_branding/,1536608059.0,84,0.93,31,CasualUK,bathroommatt
9eps5j,Dunun dunun BOOP,,https://v.redd.it/ujd0d41feoi11,1536604490.0,116,0.91,4,CasualUK,idbuypens
9epd30,The new Chinese supermarket down the road doesn't sound too confident in their meat,,https://i.redd.it/g4i0ijc18gl11.jpg,1536601650.0,150,0.97,11,CasualUK,interfail
9eoyli,Liverpool‚Äôs reply to Seattle‚Äôs Space Needle Tower. If you squint. Think of any other UK buildings that resemble knock-off versions of world landmarks?,,https://i.redd.it/zp39pdjpzfl11.jpg,1536598835.0,54,0.97,47,CasualUK,Holweg
9eowvw,"Our elderly, mostly toothless Grey, trying to enjoy some toast.",,https://streamable.com/wbk2r,1536598491.0,87,0.96,15,CasualUK,The_Scrunt
9eovkk,"Fire at Warburtons factory in Newcastle smelt of ""burnt toast""",,http://www.thenorthernecho.co.uk/news/16831673.fire-at-warburtons-factory-in-newcastle-smelt-of-burnt-toast/,1536598239.0,255,0.99,28,CasualUK,Gas_is_not_a_Liquid
9eo9lt,The more you look the funnier it gets.,,https://i.redd.it/c1cfx68hlfl11.jpg,1536594046.0,62,0.91,9,CasualUK,Rushed89
9enj7e,Waitrose nailing it as always - what student could survive without Rose Harissa?!,,https://i.imgur.com/nfBg4Ya.jpg,1536589087.0,249,0.97,88,CasualUK,[deleted]
9en4g8,A good mornings work! Finished baking some treats in preparation for watching bake off tomorrow.,,https://i.imgur.com/zPM7Rna.jpg,1536585983.0,447,0.98,48,CasualUK,9DAN2
9emp0y,"Woke up with this in my head, no idea why but thought some people on here might relate",[deleted],https://youtu.be/-YgpC0Vs-eE,1536582773.0,68,0.97,16,CasualUK,[deleted]
9emggy,Sainsburys meal deal range is looking good,[deleted],https://i.redd.it/b82tq2weiel11.jpg,1536580907.0,107,0.95,7,CasualUK,[deleted]
9emdky,Has anyone tried one of these bad boys? (Giant Bourbon biscuit),,https://i.imgur.com/YI7hhXO.jpg,1536580186.0,54,0.9,34,CasualUK,[deleted]
9em3ma,Alastair Cook is now the highest scoring Left Hand batsman of all time!,"And the 5th highest of all time.

Absolute legend. ",https://www.reddit.com/r/CasualUK/comments/9em3ma/alastair_cook_is_now_the_highest_scoring_left/,1536577762.0,80,0.92,16,CasualUK,HarryGoLocky
9em0sa,Started a new game of scrabble and was presented with letters in this order.,,https://i.redd.it/lo3s4f6r6el11.jpg,1536576981.0,105,0.95,32,CasualUK,Rextherabbit
9elkru,Cock and balls housing???,,https://i.redd.it/juktcqrbmcl11.jpg,1536572629.0,132,0.97,21,CasualUK,BIGSEB84UK
9eler1,Dream cake,,https://i.redd.it/9kw8ba1xodl11.png,1536570991.0,178,0.98,14,CasualUK,fireball_73
9el88a,A walk in the Somerset countryside...a snoop around an abandoned building...let‚Äôs not ask why or how.,,https://i.redd.it/q8luyg5jjdl11.jpg,1536569182.0,1174,0.99,126,CasualUK,misplacedfocus
9el7sp,This club scans and stores their male patron's driving licence/passport details.,,https://i.redd.it/mqylhcc5jdl11.jpg,1536569047.0,72,0.91,92,CasualUK,Normal_Man
9el6wt,My brief stint as a public loo prostitute,"So as I am having my morning ablutions in the bus station, a bloke gets into the cubical next to me.

He drops some change which rolls under, to which he reassures me that ""he just dropped it. He doesn't mean anything funny by it""

Internally I am now evaluating how offended I should be that he thought 60p would suffice, as well as wondering what has happened in his past to lead him to having to do this. ",https://www.reddit.com/r/CasualUK/comments/9el6wt/my_brief_stint_as_a_public_loo_prostitute/,1536568765.0,55,0.88,23,CasualUK,[deleted]
9el4l6,Good morning from Gibraltar. Happy National Day,[deleted],http://imgur.com/krrkQKb,1536568064.0,242,0.94,15,CasualUK,[deleted]
9el12h,The Metro is looking a bit French this morning,[deleted],https://i.redd.it/563yb99zcdl11.jpg,1536566972.0,56,0.92,31,CasualUK,[deleted]
9ekst2,Glad I paid ¬£30 for that discount card,,https://i.redd.it/ysfslses5dl11.jpg,1536564579.0,1394,0.97,171,CasualUK,Chilton_Squid
9ekh0r,Just got back into England after a long time and saw this beauty! How long have these been a thing?,,https://i.imgur.com/Isew2SB.jpg,1536561589.0,192,0.95,50,CasualUK,mahdiddley_twist
9ei2mb,"Mods are asleep. Fuck mods, upvote rockers.",,https://assets.saatchiart.com/saatchi/1054320/art/4209218/3279067-IHZAKUJG-7.jpg,1536539948.0,1069,0.95,44,CasualUK,CandleJakk
9ehyjc,Terry. Doing things the British way and never giving a bad review no matter what the circumstances.,,https://i.redd.it/4oij46ni1bl11.png,1536538953.0,273,0.98,9,CasualUK,GetJackHere
9ehwnm,"Mods are asleep, upvote Mods.",,https://i.redd.it/etcow2vb0bl11.jpg,1536538513.0,168,0.89,12,CasualUK,MellotronSymphony
9egxug,I made a fake invoice for my team Leader at work to sign off and she blurted out ‚ÄúI don‚Äôt remember ordering 8 buckets of dictonite‚Äù.,She then took it to the Store Manager and asked who‚Äôd ordered the buckets of dictonite for her. Safe to say the manager asked her to spell out the phrasing before wetting himself. She‚Äôs not the sharpest tool in the shed.,https://www.reddit.com/r/CasualUK/comments/9egxug/i_made_a_fake_invoice_for_my_team_leader_at_work/,1536530491.0,156,0.94,14,CasualUK,[deleted]
9egnqc,Sums up the guy who did this. RAF Cosford,,https://i.redd.it/rfhv8k116al11.png,1536528314.0,52,0.89,6,CasualUK,ldmosel
9egd0r,"Speed &amp; Convenience (Tesco, 2018)",[deleted],https://i.redd.it/5goolx9az9l11.png,1536526092.0,73,0.95,16,CasualUK,[deleted]
9eg0f4,My girlfriend just asked Siri 'What time does Argos shut in Knaresborough?',,https://i.redd.it/xhs5zdirr9l11.jpg,1536523516.0,2760,0.98,89,CasualUK,03bennet
9efz78,The holy grail of cola bottles,,https://i.redd.it/3h0hn2h2r9l11.jpg,1536523281.0,160,0.97,14,CasualUK,thekidbeefy
9efn38,"I said I would... and I did. This is before I spent the entire afternoon covering it in paper mache. I have completed the paper mache element but Husbands review of it was ""That looks like absolute shit"" so I will wait for it to dry and cover it with foil before my next Tracy Island update",,https://i.redd.it/azrrv6rkj9l11.jpg,1536520761.0,71,0.97,11,CasualUK,octopus_dance_party
9efhmu,"Lads, look at the absolute size of this bastard. Found it in a French supermarket so bought two.",,https://i.imgur.com/EYSI8mY.jpg,1536519681.0,514,0.97,45,CasualUK,Sniper_Guz
9efejm,"The Guardian gave the movie ""Legend"" two stars. They made it look like four on the poster!",,https://i.redd.it/a9t84ubae9l11.jpg,1536519045.0,1474,0.98,108,CasualUK,AdministrativeTrain
9eex12,Anyone remember the TV show Angelina Ballerina? (It might have been on cbbc but it could‚Äôve been CITV as well I can‚Äôt remember) I just had a sudden flashback about it a couple of days ago and no one I‚Äôve asked remembers it!,,https://i.redd.it/ctkdnv8h39l11.jpg,1536515344.0,427,0.97,52,CasualUK,optimismgoggles98
9ee5fb,"One of life's greatest joys. Toad in the Hole, it was served with onion gravy and was delicious.",[deleted],https://i.redd.it/jyxmceohm8l11.jpg,1536509634.0,212,0.96,34,CasualUK,[deleted]
9ee2vb,Dubious about the RSPCA Pork Sausages,[deleted],https://i.redd.it/xhnph7myk8l11.jpg,1536509119.0,59,0.97,12,CasualUK,[deleted]
9ee2nx,"I'm convinced that once you reach a certain age, you just suddenly know how to play the fruit machines in pubs.","I'm not sure what age that will be, but I'm looking forward to it. ",https://www.reddit.com/r/CasualUK/comments/9ee2nx/im_convinced_that_once_you_reach_a_certain_age/,1536509074.0,74,0.96,27,CasualUK,berober04
9edr0b,"Well done to the idiot who drove way to fast down my road, you took our little girl away from us. She was only just one. RIP Penny.",,https://i.redd.it/f3ughwdtd8l11.jpg,1536506716.0,640,0.92,123,CasualUK,HeadSpaceUK
9edmzr,Recently discovered this liquid gold comes in 500ml cans,,https://i.redd.it/197lguk4b8l11.jpg,1536505813.0,74,0.92,27,CasualUK,TheAquaSwan
9edb2m,I‚Äôm still in awe of mildly over engineered English scaffolding,,https://i.redd.it/qe55c6vy28l11.jpg,1536503067.0,66,0.95,10,CasualUK,[deleted]
9ed9p7,Look what Sainsbury's are knocking out. Get them before the clergy get wind of it and they're sold out.,,https://i.redd.it/7f6ylt1j18l11.jpg,1536502723.0,70,0.87,8,CasualUK,[deleted]
9ed6vl,Just moved to Japan. In the space of 24 hours I got hit by a Earthquake and a Typhoon. Really adds a whole new meaning to 'the weather is nice today',Missing the good old fashioned British Weather. Nice and mild unlike the extreme stuff I'm getting. Knocked my towns power out for a week. ,https://www.reddit.com/r/CasualUK/comments/9ed6vl/just_moved_to_japan_in_the_space_of_24_hours_i/,1536502040.0,129,0.97,16,CasualUK,Cheety
9ed0e7,"It occurred to me that, for as long as I can remember, weekdays at 6pm has always been Simpson‚Äôs time.","I‚Äôm sure this is the case. It was always 6:00pm - 6:20pm on BBC2 (then a second episode straight after on Fridays), then when it moved to Channel 4 it kept the same slot.

Back in the day you could also turn over to Sky1 after at 7pm for a second episode too...",https://www.reddit.com/r/CasualUK/comments/9ed0e7/it_occurred_to_me_that_for_as_long_as_i_can/,1536500267.0,104,0.97,20,CasualUK,WaitUntilYoureUseful
9ecmfi,"This showed up on my Facaebook today. The Official World Black Pudding Throwing Championship. There's nothing quite like the North, is there?",,https://i.redd.it/a6lgrx4hi7l11.jpg,1536496273.0,52,0.91,10,CasualUK,PoliceAlarm
9eckfa,No better way.,[deleted],https://i.redd.it/hejwrn8xg7l11.png,1536495652.0,281,0.97,5,CasualUK,[deleted]
9ecdpn,Wells-next-the-Sea,,https://i.redd.it/wy0m2rwfa7l11.png,1536493482.0,90,0.91,16,CasualUK,MellotronSymphony
9ecbex,Most scouse registration plate in the world.,,https://i.redd.it/8vwz0yyz77l11.jpg,1536492652.0,157,0.96,26,CasualUK,tessrkt
9ecbbo,God rest the unfortunately named Fanny Fidler,[deleted],https://i.redd.it/d55zgvsw77l11.jpg,1536492623.0,320,0.97,30,CasualUK,[deleted]
9ec8j1,Never forget when this oblivious American tried to make a traditional British roast.,,https://www.reddit.com/r/food/comments/yu0n5/roast_chicken_w_yorkshire_pudding/,1536491628.0,340,0.97,66,CasualUK,Loracfro
9ec7fx,"I play Xbox regular with a guy I met from Norway, we were playing siege and I goes, ‚ÄúHold on, 5 mins, I‚Äôve got to make the kids tea.‚Äù A few weeks later I found out he though British children drank cups of tea at a certain time of day. Anyone else bamboozled Jonny Foreigner with British phrases?",,https://www.reddit.com/r/CasualUK/comments/9ec7fx/i_play_xbox_regular_with_a_guy_i_met_from_norway/,1536491241.0,392,0.98,213,CasualUK,ArrrghZombies
9ec63f,West Ham‚Äôs ultras have lost their menace over the years,,https://i.redd.it/nouybj3g27l11.jpg,1536490792.0,117,0.96,13,CasualUK,bungle_bogs
9ec3sj,I feel they could have used a different sign to blick off closed lifts..,,https://i.redd.it/3q6vvw1pz6l11.jpg,1536489860.0,98,0.97,12,CasualUK,Incantanto
9ebzvr,I have made a grave error,,https://i.redd.it/2eocofpxu6l11.jpg,1536488260.0,71,0.91,56,CasualUK,mallenstreak
9ebz0g,The name of thisPark and Road in Caterham.,,https://i.redd.it/x8d3k2hwt6l11.jpg,1536487910.0,76,0.95,14,CasualUK,zehtov
9ebxqf,The place that does Yorkshire pudding wraps now does a full English breakfast in a Yorkshire Pudding,,https://i.redd.it/t8gjhj7hs6l11.jpg,1536487436.0,1308,0.85,190,CasualUK,moriago
9ebvyj,Since when did Fruit Pastilles become r/showerthoughts?,,https://i.redd.it/hzh5iq3eq6l11.jpg,1536486730.0,13341,0.94,257,CasualUK,highlander2189
9ebmmj,Found on the side of the road while strolling through Glasgow...,,https://i.redd.it/7jllj2tre6l11.jpg,1536482828.0,80,0.91,20,CasualUK,Jen-Jen37
9ebdh3,Locals asking the council to have our High Street bin back.,,https://i.redd.it/n1r3iign36l11.jpg,1536479082.0,466,0.98,41,CasualUK,SG6666
9eb9ur,I do appreciate it when graffiti artists go out of their way to help me understand their work,,https://i.redd.it/wx5keiyaz5l11.jpg,1536477627.0,282,0.98,14,CasualUK,Gadget_SC2
9eaw95,I have looked my killer in the eye and his name is McDonald's Hash Browns,They shouldn't taste so good but they haunt me. Every time I even look at that McDonald's I can feel my arteries closing just a little more but I'm starting to think it might be worth it,https://www.reddit.com/r/CasualUK/comments/9eaw95/i_have_looked_my_killer_in_the_eye_and_his_name/,1536472881.0,83,0.95,27,CasualUK,thekongninja
9e8ils,Spotted in Portland.,,https://i.redd.it/iet4hgmam3l11.jpg,1536449039.0,176,0.98,16,CasualUK,druidsandhorses
9e8hh1,"2016 UK ""Highlights""",,https://i.redd.it/28gwxfeil3l11.jpg,1536448770.0,68,0.92,4,CasualUK,Love_Land90
9e7vt4,I‚Äôm not a fan of The One Show; what did Alex Jones do to get banned from Twitter and the App Store?,[removed],https://www.reddit.com/r/CasualUK/comments/9e7vt4/im_not_a_fan_of_the_one_show_what_did_alex_jones/,1536443678.0,69,0.94,5,CasualUK,byjimini
9e7ijk,You all should clear your search histories.,,https://i.redd.it/bumizdidx2l11.jpg,1536440654.0,53,0.92,14,CasualUK,savagewolf666
9e7da0,"Not entirely sure, but I bet it was an emergency stop at the bar, the pub, or the chippy.",,https://i.redd.it/jgaxvivvt2l11.jpg,1536439484.0,52,0.96,8,CasualUK,Spankythemusical
9e72bf,"Lads, so bloody proud of this today. What are you having for dinner?",,https://i.redd.it/8xwxq81lm2l11.jpg,1536437028.0,185,0.94,70,CasualUK,OliviaEversea
9e71sn,One rapper that Eminem was too afraid to diss,,https://i.redd.it/o5fnyux8m2l11.jpg,1536436909.0,7031,0.89,209,CasualUK,Wonderfulwonderful6
9e6fcm,Stephen Hawking was a bit of a dark horse apparently,,https://imgur.com/sI5vhn1,1536432054.0,96,0.92,11,CasualUK,stalinsnicerbrother
9e5uws,Because you liked ‚ÄúThe Purge‚Äù,,https://i.imgur.com/ookRubr.jpg,1536427610.0,116,0.97,27,CasualUK,RodeoRex
9e5oyo,Best restaurant in Cornwall,,https://i.imgur.com/jgjCrGm.jpg,1536426182.0,156,0.99,18,CasualUK,CorrosiveMonkey
9e58zy,Just seen this old boy,[deleted],http://i.imgur.com/6Mu03K9.jpg,1536422349.0,206,0.98,32,CasualUK,[deleted]
9e4ith,Ahh the old ‚Äúthought she was a panda‚Äù defence...,,https://i.redd.it/uxu6gn0at0l11.jpg,1536415063.0,244,0.99,20,CasualUK,[deleted]
9e4eot,I managed to take 119 IKEA pencils in one trip. What have you achieved today?,,https://i.imgur.com/sDjLI9X.jpg,1536413914.0,227,0.8,71,CasualUK,Dasnap
9e4anv,My mum has Mark &amp; Lard‚Äôs last Radio 1 shows on cassette tape.,,https://i.redd.it/41oqaa6pm0l11.jpg,1536412851.0,74,0.94,33,CasualUK,PenguinFlapjack
9e3s55,"A reg plate has never made me howl with laughter, until now.",,https://i.redd.it/04rkx3nz60l11.gif,1536407593.0,186,0.95,11,CasualUK,cheesebanana
9e3p2c,Found these wee lads in a Dutch supermarket.,,https://i.redd.it/dzgaadlz30l11.jpg,1536406555.0,332,0.98,34,CasualUK,ENGERLUND
9e39c0,*Sensible chuckle*,,https://i.redd.it/rjmdlxosnzk11.jpg,1536401131.0,2293,0.97,38,CasualUK,GlassiamIsAFag
9e3978,Who doesn't,,https://i.redd.it/9p8wxtppnzk11.jpg,1536401082.0,61,0.88,17,CasualUK,urdnot_wreck
9e3377,John Lewis,,https://i.redd.it/mr7qn6ychzk11.jpg,1536398948.0,1550,0.96,126,CasualUK,wintermute451
9e32l3,Any chance of toning down the celebrity hate posts/comments?,Yes I know Chris Evans and James Corden are insufferable but I thought this sub was supposed to be a place for fun banter and whatnot. Does no one else agree that it's getting a bit boring now?,https://www.reddit.com/r/CasualUK/comments/9e32l3/any_chance_of_toning_down_the_celebrity_hate/,1536398703.0,107,0.85,44,CasualUK,earlhickey
9e2yml,Oh Paul :(,,https://imgur.com/XGt64Ck,1536397235.0,4159,0.97,140,CasualUK,BetaDecay121
9e2lcs,Is this a sign of the world ending. Work men working on a Saturday before 9am.,,https://i.redd.it/cay646tgyyk11.jpg,1536392597.0,118,0.98,18,CasualUK,Atarisrocks
